2836 4846
596 257 804 322 ..12-

176 453 264 540 quod
287 455 398 520 multis
421 453 577 520 librorum
594 454 661 518 eius
686 453 764 518 locis
785 451 951 537 probatur.
969 452 993 541 ¹)
1040 448 1123 520 (lum
1142 452 1241 536 igitur

174 562 329 630 benevolo
353 563 460 628 animo
499 582 634 645 magnos
674 567 707 626 et
744 582 918 643 generosos
957 561 1041 627 viros
1077 560 1239 644 laudaret,
1342 552 1345 560 ¹

175 677 343 754 sperneret
372 669 520 735 crudeles
549 676 648 752 atque
677 669 881 752 inhumanos,
910 670 1100 735 miserorum
1132 669 1240 735 adflic-

173 786 346 862 torumque
370 779 497 844 casibus
521 785 787 864 commoveretur,
821 777 890 842 fieri
918 798 983 842 non
1011 777 1126 860 potuit,
1163 779 1241 860 quin

175 908 275 970 genus
299 885 428 951 dicendi
451 885 597 968 fingeret,
635 886 723 970 quod
747 887 853 952 alacre
883 892 915 951 et
937 885 1088 969 hilarum,
1121 885 1239 953 florens

175 1001 208 1060 et
232 993 414 1078 splendens,
450 992 610 1057 sincerum
634 1000 668 1059 et
690 994 827 1080 simplex
851 994 1028 1060 oblectaret
1050 1014 1241 1078 semperque
1306 1031 1310 1038 ·

174 1108 305 1185 caperet
327 1099 504 1184 legentium
527 1101 662 1166 animos.

262 1207 365 1274 Aliud
389 1207 522 1274 Tacitus
557 1208 618 1274 sibi
654 1208 761 1291 elegit,
798 1209 853 1292 qui
888 1229 954 1274 uon
978 1208 1021 1273 ad
1050 1229 1159 1274 omnes
1187 1230 1239 1273 res

173 1317 340 1382 Romanas
365 1313 543 1381 tradendas
567 1336 601 1379 se
625 1315 771 1397 contulit,
797 1322 886 1381 certa
902 1322 1028 1383 tantum
1049 1322 1143 1401 parte
1166 1336 1239 1381 con·

173 1430 298 1504 tentus3
323 1423 453 1507 scripsit
477 1420 562 1486 enim
585 1421 753 1487 historiam
776 1443 884 1487 rerum
901 1424 960 1489 sub
983 1423 1117 1506 imperio
1133 1422 1158 1487 J
1160 1422 1239 1487 ulio·

174 1552 247 1595 rum
264 1527 540 1611 Claudiorumque
556 1534 589 1594 et
603 1529 790 1594 Flauiorum
807 1540 977 1613 gestarum.
1017 1533 1115 1597 Hanc
1130 1537 1239 1595 autem

173 1637 337 1704 servitutis
361 1635 530 1701 Romanae
553 1638 741 1702 memoriam
777 1659 848 1706 esse
882 1640 951 1724 ipse
980 1639 1106 1705 videtur
1133 1639 1239 1705 existi·

174 1765 290 1826 masse,
327 1745 367 1818 cf,
404 1766 487 1827 quae
522 1744 605 1828 Agr.
630 1766 656 1816 c,
681 1744 740 1810 ΙΙΙ
775 1752 855 1816 extr.
891 1747 980 1816 dicit.
1039 1743 1134 1828 Quae
1167 1747 1239 1811 lene

173 1853 261 1936 cepit
282 1851 409 1917 initium
433 1853 499 1916 iam
522 1874 542 1917 a
564 1874 674 1935 pugna
696 1852 847 1937 Actiaca,
877 1877 949 1919 cum
972 1855 1100 1939 plurimi
1124 1855 1239 1919 civium

174 1960 284 2027 taedio
320 1961 524 2026 assiduorum
560 1961 697 2027 civilium
732 1963 891 2028 bellorum
927 1961 1046 2027 adfecti
1079 1962 1238 2028 libertatis

173 2068 297 2134 nullam
320 2067 388 2133 fere
411 2090 522 2134 curam
551 2069 719 2152 haberent,
753 2071 810 2136 sed
834 2070 1022 2154 Augustum
1049 2076 1239 2155 paterentur

174 2175 282 2241 omnia
304 2176 337 2239 in
361 2196 395 2240 se
419 2177 549 2241 trahere
565 2178 815 2260 magistratuum
831 2180 941 2243 munia
957 2179 1036 2243 etin
1053 2177 1120 2242 dies
1136 2178 1252 2260 magis·

174 2290 421 2350 consuescerent
452 2285 510 2349 otii
542 2284 711 2350 dulcedine
743 2285 906 2368 delectari,
943 2285 1003 2350 sibi
1036 2285 1238 2371 potissimum

174 2391 350 2472 consulere,
375 2390 513 2475 principi
529 2392 763 2475 obtemperare.
810 2391 863 2458 Sic
878 2391 1079 2476 parabantur
1095 2393 1237 2456 omnium

174 2498 272 2564 animi
296 2497 338 2563 ad
362 2497 568 2563 tolerandum
602 2499 691 2564 illum
717 2501 855 2565 civitatis
880 2506 1011 2581 statum,
1048 2499 1103 2565 ubi
1127 2499 1237 2566 Juliae

173 2607 277 2690 gentis
300 2606 461 2691 principes
484 2607 518 2672 in
542 2609 753 2691 impotentem
770 2607 1023 2674 dominationem
1046 2608 1130 2672 versi
1154 2610 1236 2674 cives

174 2714 261 2781 omni
295 2714 392 2779 modo
421 2723 585 2798 vexarent,
623 2717 813 2799 cruciarent,
849 2715 1105 2801 pessumdarent,
1141 2715 1236 2779 variis

174 2823 361 2889 libidinibus
393 2823 618 2906 exercitarent,
655 2823 735 2888 nihil
770 2823 859 2888 aliud
893 2821 993 2888 validi
1019 2823 1237 2904 relinquerent

174 2953 272 3016 quam
296 2932 463 3002 exercitus.
511 2931 536 2996 J
538 2954 590 2997 am
614 2939 760 2997 secutum
784 2939 833 2996 est
848 2931 1033 2996 Flauiorum
1056 2929 1235 3013 imperium,

175 3038 262 3121 quod
286 3039 377 3102 varia
400 3044 488 3103 sorte
511 3039 635 3104 laetum
669 3039 716 3104 rei
740 3038 888 3123 publicae
923 3045 981 3104 eut
1014 3044 1122 3120 atrox,
1157 3037 1237 3121 ipsis

173 3145 373 3230 principibus
397 3166 588 3229 prosperum
617 3146 666 3211 vel
689 3147 786 3211 exitio
811 3146 885 3233 fuit3
900 3146 927 3232 2)
963 3145 1051 3229 quod
1086 3152 1237 3231 expertus

173 3252 308 3318 Tacitus
333 3252 477 3318 oblivisci
500 3275 666 3336 nunquam
689 3255 797 3339 potuit
825 3253 1086 3337 gravissimorum
1109 3252 1238 3318 illorum

173 3367 205 3425 et
228 3360 491 3425 tristissimorum'
523 3361 704 3427 Domitiani
738 3369 929 3446 temporum,
960 3361 1015 3444 qui
1043 3359 1151 3426 caedis
1176 3361 1238 3425 avi·

174 3467 323 3532 discimus
359 3468 473 3533 ultima
496 3468 687 3534 crudelitate
721 3470 754 3533 in
784 3488 893 3534 omnes
930 3468 1075 3534 saeviret.
1120 3467 1239 3549 Itaque

174 3596 247 3639 cum
270 3575 318 3639 rei
341 3574 491 3658 publicae
525 3576 652 3641 ruinam
674 3577 897 3641 molestissime
926 3574 1034 3657 ferret,
1071 3573 1112 3638 de
1135 3581 1238 3638 muta-

173 3682 261 3746 tione
284 3687 466 3766 temporum
501 3683 598 3766 plane
634 3682 821 3767 desperavit
855 3680 999 3763 Tacitus,
1036 3682 1155 3765 quippe
1183 3681 1239 3763 qui

172 3789 390 3874 perspexisset
413 3788 544 3854 servilia
568 3789 684 3854 civium
699 3789 830 3872 ingenia
852 3789 934 3854 adeo
950 3787 1123 3872 repudiare
1145 3788 1240 3854 liber-

173 3903 284 3978 tatem,
309 3901 347 3960 ut
368 3895 402 3959 in
426 3897 470 3960 eis
495 3896 564 3981 spei
579 3896 658 3961 nihil
682 3897 867 3982 ponendum
884 3903 978 3966 esset.
1024 3895 1141 3980 Neque
1165 3918 1239 3962 eum

245 4107 267 4176 ¹)
287 4128 312 4164 v.
333 4127 355 4163 e.
376 4127 398 4164 o.
418 4108 499 4178 XXI,
519 4109 561 4165 10.
597 4109 691 4180 XXX,
710 4113 754 4180 42,
773 4113 816 4166 21.
852 4109 947 4180 XLII,
966 4109 1009 4179 28,
1031 4109 1073 4166 12.

245 4198 266 4272 2)
285 4218 310 4255 v.
330 4199 406 4256 Hist.
426 4198 467 4271 ΙΙ,
490 4203 512 4256 1.
