2836 4846
599 452 821 512 ...55-

179 640 301 707 Contra
334 641 445 706 Livius
480 645 679 730 anaphoram
711 644 925 729 orationibus,
959 646 1069 728 eisque
1101 645 1240 729 directis

178 750 305 832 saepius
337 749 522 837 immiscuit;
555 772 620 832 qua
650 773 685 816 re
718 751 922 834 splendorem
957 773 994 817 ao
1025 753 1151 837 copiam
1174 775 1241 818 ver-

176 856 292 921 borum
316 857 453 922 maxime
484 857 612 921 videtur
644 859 833 942 respexisse,
881 857 997 924 Omino
1022 859 1157 925 Tacitus
1180 861 1241 924 illis

177 962 346 1046 capitibus,
384 962 424 1026 de
453 963 568 1046 quibus
591 963 689 1029 modo
715 964 845 1046 egimus,
870 966 973 1031 multo
997 968 1126 1050 parcius
1149 967 1241 1032 Livio
1338 1012 1341 1019 -

178 1069 337 1134 orationes
373 1070 516 1151 inseruit,
556 1076 588 1134 et
623 1091 703 1152 quas
726 1070 834 1153 habet,
860 1092 917 1136 eae
941 1093 1013 1136 cum
1037 1073 1242 1139 brevissimas

177 1183 261 1257 sunt,
287 1183 355 1240 tum
371 1197 479 1240 omnes
496 1176 563 1243 fere
581 1178 738 1262 obliquae,
762 1200 827 1242 una
840 1177 981 1260 Segestis
995 1181 1084 1264 capti
1097 1188 1240 1265 excepta,

178 1304 241 1365 qua
264 1284 402 1365 gratiam
435 1284 636 1366 imperatoris
660 1284 798 1349 Romani
832 1285 893 1350 sibi
925 1286 1097 1351 conciliare
1124 1287 1242 1358 studet.

176 1389 316 1454 Prorsus
341 1395 447 1454 autem
473 1389 590 1455 desunt
613 1392 773 1473 longiores
796 1393 871 1457 illae
903 1393 1066 1458 orationes
1090 1394 1241 1477 directae,

178 1495 293 1578 quibus
335 1502 409 1559 ante
442 1518 582 1579 pugnam
624 1500 828 1566 commissam
857 1500 1069 1582 imperatores
1105 1502 1242 1566 militum

177 1603 298 1668 animos
332 1604 453 1684 erigere
488 1610 631 1686 tentant,
661 1606 749 1670 velut
783 1605 871 1690 apud
903 1604 1030 1675 Livium
1067 1606 1178 1692 Scipio
1211 1615 1242 1673 et

109 1768 111 1775 ,
177 1711 343 1774 Hannibal
367 1717 442 1774 ante
466 1732 606 1792 pugnam
632 1712 673 1776 ad
696 1713 990 1786 Ticinumdactam,
1029 1713 1154 1780 Earum
1170 1716 1241 1780 loco
1307 1700 1309 1705 ⁵

176 1817 363 1881 brevissime
380 1816 512 1881 Tacitus
536 1819 586 1882 vel
603 1818 810 1885 exhortantes
825 1822 874 1884 vel
888 1823 1081 1886 sententiam
1101 1822 1242 1887 dicentes

177 1925 254 1989 facit
278 1924 384 2005 duceS,
419 1923 528 1990 videas
553 1948 624 2009 cpp.
650 1933 689 1991 67
716 1935 748 1992 et
786 1931 842 2007 683
877 1929 924 1992 ita
947 1935 983 1991 ut
1017 1950 1080 1993 non
1104 1936 1243 1994 contem·

176 2032 283 2097 nenda
324 2031 511 2115 videantur,
551 2055 634 2116 quae
666 2034 834 2099 Walterus
872 2034 905 2097 in
947 2034 1171 2100 dissertatione
1203 2035 1243 2100 de

177 2140 281 2204 Taciti
306 2139 424 2206 studiis
440 2139 610 2205 rhetoricis
627 2143 818 2225 conscripta,
844 2165 875 2226 p.
893 2144 936 2209 36
953 2141 1133 2212 contendit:
1157 2143 1243 2224 prin-

177 2249 280 2332 cipem
304 2248 335 2310 in
361 2247 529 2312 sententiis
559 2249 696 2330 obliquis
720 2249 824 2313 locum
850 2249 960 2314 deberi
984 2249 1097 2314 Tacito
1127 2251 1243 2332 magis·

177 2377 240 2438 que
256 2353 405 2438 deinceps
429 2376 485 2419 eas
501 2377 579 2439 prae
596 2357 794 2421 orationibus
819 2357 962 2423 excultas
984 2379 1054 2422 esse
1071 2358 1112 2421 ab
1129 2358 1242 2422 eodem

175 2486 233 2547 per
263 2470 382 2527 totum»
401 2483 535 2547 operum
568 2462 722 2535 ordinem.
775 2461 980 2546 Quamquam
1016 2484 1098 2546 quae
1132 2464 1242 2547 paullo

177 2577 251 2634 ante
275 2570 316 2634 ab
341 2569 453 2634 eodem
477 2570 627 2635 Waltero
656 2570 695 2635 do
720 2571 917 2635 orationibus
945 2571 1123 2635 narrationi
1146 2572 1243 2635 inter·

176 2679 289 2762 positis
315 2684 548 2762 proponuntur,
574 2699 612 2742 ea
636 2700 706 2742 meo
731 2678 860 2761 quidem
876 2678 993 2742 iudicio
1017 2699 1082 2742 non
1105 2679 1243 2761 proponi

177 2785 347 2867 debebant,
372 2784 430 2849 sed
455 2784 677 2850 demonstrari.
741 2785 892 2850 Ceterum
916 2785 1047 2850 Tacitus
1075 2784 1109 2848 in
1132 2787 1245 2849 ultima

177 2891 353 2956 Annalium
377 2898 470 2974 parte
494 2892 693 2976 anaphoram
728 2893 830 2976 magis
858 2894 1024 2977 magisque
1052 2893 1242 2979 repudiavit,

178 3023 274 3084 quaxn
298 3020 338 3064 ns
361 2999 527 3082 gravitatis
552 2998 681 3080 quidem
705 2999 871 3082 augendae
903 3021 1000 3065 causa
1026 3002 1166 3084 recipere
1190 3022 1243 3065 vo-

177 3108 282 3178 luerit.
306 3146 350 3152 —

266 3215 371 3282 Venio
396 3235 480 3278 nune
504 3213 546 3278 ad

579 3376 844 3457 Pleonasmum.
937 3356 945 3373 ⁴

267 3535 452 3600 Pleonasmi
476 3536 530 3616 qui
547 3534 664 3599 dicitur
679 3536 809 3600 notione
825 3534 1016 3619 explicanda
1032 3535 1244 3619 supersedere

54 3640 79 3660 ⁸
178 3664 321 3728 possum,
347 3643 474 3727 opinor,
498 3643 666 3706 notissima
690 3643 773 3706 enim
798 3649 854 3712 est.
913 3641 1125 3706 Pleonasmus
1148 3644 1246 3725 igitur

180 3773 251 3815 cum
274 3749 463 3833 profluentis
488 3750 703 3833 copiosaeque
733 3750 887 3815 orationis
915 3751 1066 3833 proprius
1091 3750 1142 3831 sit,
1177 3770 1246 3814 sae-

180 3859 309 3942 pissime
340 3857 475 3923 aLivio
501 3878 690 3940 summoque
725 3879 796 3921 cum
825 3856 931 3921 studio
964 3856 1079 3920 colitur
1109 3863 1141 3920 et
1176 3855 1246 3919 dili-

182 3967 275 4046 gitur.
324 3965 397 4049 Qua
431 3987 467 4030 re
503 3987 700 4048 quamquam
736 3964 924 4046 plerumque
951 3964 1185 4046 pulcherrimus
1215 3971 1247 4027 et

180 4071 425 4138 florentissimus
461 4075 600 4157 scriptor
633 4072 768 4152 incedit,
804 4078 913 4136 tamen
953 4071 1114 4136 interdum
1148 4071 1245 4135 nimio

184 4179 299 4244 ductus
324 4202 432 4245 amore
455 4181 532 4247 uitia
550 4179 710 4263 quaedam
732 4202 797 4245 non
819 4178 946 4244 videtur
961 4178 1079 4244 vitasse
1096 4178 1134 4264 1);
1160 4185 1246 4243 certo

219 4402 223 4409 ¹
255 4411 275 4483 ¹)
296 4411 331 4466 cf.
350 4411 553 4482 praefationem
571 4417 694 4468 nostram
714 4431 741 4482 p.
762 4415 804 4468 18.
