2836 4846
598 292 819 357 .-,.4g-

174 485 230 550 iile
253 485 377 550 notioni
402 485 497 551 alicui
521 485 751 568 substantivae,
778 507 861 568 quae
877 487 1073 568 cogitatione
1094 486 1244 570 addatur,

176 590 378 658 subiciendus
403 615 420 658 e
444 595 642 658 Graecorum
666 613 755 658 more
778 592 904 658 videtur
927 593 1022 659 fictus
1048 617 1127 661 esse.
1190 596 1245 661 Illi

176 701 260 765 enim
283 701 457 783 genitivum
481 700 655 783 adiungere
685 701 790 766 solent
817 701 952 765 articulo
982 704 1128 771 neutrius
1153 726 1246 787 gene-

174 808 229 889 ris,
266 807 299 871 id
336 806 424 891 quod
456 813 561 872 totum
595 807 629 870 in
664 808 807 890 linguam
843 804 1004 890 Latinam,
1042 811 1161 896 quippe
1196 812 1246 876 cui

175 913 261 978 desit
284 914 450 997 articulus,
478 913 577 997 recipi
605 935 669 977 non
701 915 816 998 potuit.
878 912 978 997 Ergo,
1016 915 1152 999 siqidem
1186 917 1247 983 Ta·

175 1021 257 1085 citus
282 1020 380 1085 etiam
402 1020 434 1084 in
460 1021 599 1103 genitivo
625 1018 794 1104 gerundivi
825 1019 920 1084 finali
950 1020 980 1084 vi
1004 1021 1162 1088 instructo
1194 1046 1246 1089 ve·

174 1135 279 1193 terum
303 1129 376 1192 usui
400 1127 591 1193 adversatus
616 1132 676 1210 est,
700 1148 765 1191 non
789 1126 1008 1194 dubitabimus
1033 1132 1246 1215 comprobare

175 1235 348 1317 genitivum
372 1235 519 1317 gerundii
542 1257 601 1319 pro
626 1255 714 1298 meru
743 1233 905 1299 infinitivo
934 1236 1089 1318 positum.
1144 1237 1246 1303 Acce·

176 1342 231 1426 dit,
268 1342 355 1424 quod
383 1342 657 1407 substantivorum
690 1341 867 1405 verbalium
899 1343 966 1406 vice
1001 1342 1089 1426 fungi
1122 1366 1248 1430 semper

174 1448 242 1513 fere
288 1447 428 1531 videtur,
481 1469 564 1531 quae
609 1449 720 1530 lingua
766 1454 967 1531 repugnante
1018 1450 1137 1534 effingi
1182 1475 1245 1518 non

174 1562 351 1639 potuerunt
373 1578 393 1620 a
416 1558 581 1640 scriptore.
630 1555 680 1620 Eo
706 1562 815 1619 autem
839 1556 940 1638 magis
965 1559 1138 1639 genitivum
1163 1580 1247 1624 com·

174 1661 398 1746 probabimus,
438 1663 524 1745 quod
554 1685 626 1728 cum
665 1663 698 1726 in
734 1661 897 1727 codicibus
934 1670 1051 1749 exstat,
1088 1673 1155 1731 tum
1180 1668 1247 1733 eius

174 1769 317 1854 vestigia,
341 1771 470 1833 tametsi
494 1770 613 1852 tenuia,
647 1768 735 1852 apud
765 1768 889 1852 priores
920 1791 1048 1852 quoque
1072 1772 1245 1856 scriptores

174 1878 385 1960 inveniuntur,
415 1878 503 1942 velut
529 1876 559 1941 b.
594 1876 690 1958 Hisp.
718 1880 759 1939 30
781 1883 842 1965 „ut
878 1877 1069 1942 transeundi
1098 1880 1246 1962 superius

174 1984 236 2049 iter
272 1982 478 2049 vehementer
516 1990 601 2048 esset
633 1983 912 2068 periculosum‘l),
948 1990 1047 2066 atque
1081 1985 1178 2049 etiam
1214 1986 1247 2050 in

175 2089 339 2174 Cicerone,
376 2091 417 2155 ad
442 2091 582 2157 Brutum
607 2093 635 2172 1,
661 2094 682 2154 4
716 2111 789 2174 ,neu
813 2112 941 2175 semper
974 2092 1069 2174 primi
1094 2094 1248 2176 cuiusque

174 2198 250 2261 mali
275 2197 443 2263 excidendi
464 2220 562 2263 causa
580 2203 631 2282 sit,
657 2204 693 2261 ut
709 2196 796 2261 aliud
813 2202 1033 2287 renascatur‘3
1058 2222 1121 2282 quo
1139 2207 1248 2265 tamen

176 2305 246 2369 loeo
271 2305 481 2386 gerundivum
510 2305 711 2370 substantivo
747 2306 865 2388 ,causa‘
900 2305 1037 2370 multum
1065 2308 1246 2373 adiuvatur.

175 2411 274 2476 Falso
300 2419 406 2476 autem
431 2413 618 2494 Draegerus
633 2412 660 2497 2)
697 2412 803 2475 locum
829 2412 1034 2480 Velieianum
1065 2414 1249 2479 huiusmodi

177 2541 246 2584 esse
274 2520 458 2604 arbitratur,
493 2541 570 2583 nam
602 2518 773 2584 manifesto
808 2519 853 2583 ibi
885 2519 1005 2603 pendet
1038 2523 1195 2603 genitivus
1230 2544 1247 2586 e

179 2626 378 2691 substantivo
405 2630 506 2708 ,most
539 2665 584 2674 -
615 2623 679 2690 Sed
715 2627 796 2690 haec
824 2627 981 2691 hactenus
1018 2627 1058 2693 de
1087 2629 1247 2693 brevitate

177 2733 316 2813 dicendi,
341 2735 374 2797 in
398 2734 460 2798 alia
486 2735 570 2798 enim
593 2732 820 2816 brachylogiae
837 2754 965 2815 genera,
990 2736 1077 2799 velut
1099 2756 1241 2818 zeugma,

178 2840 383 2906 vehementer
407 2842 501 2906 doleo
525 2841 688 2923 inquirere
712 2863 762 2904 me
787 2860 852 2904 uon
875 2841 1027 2926 potuisse,
1057 2841 1247 2906 destitutum

177 2948 293 3013 libellis
318 2948 511 3033 quibusdam
535 2950 675 3012 maxime
698 2948 900 3012 necessariis

266 3055 339 3120 Iam
374 3056 608 3121 transeundum
644 3062 695 3121 est
730 3054 772 3119 ad
816 3055 913 3119 aliam
947 3053 1056 3120 Latini
1091 3055 1246 3120 sermonis
1304 3126 1308 3136 ¹

177 3165 416 3246 proprietatem,
453 3185 536 3246 quae
575 3185 639 3228 non
677 3163 757 3226 nihil
791 3161 915 3227 confert
948 3161 990 3225 ad
1023 3162 1248 3244 cognoscenda

178 3271 369 3352 scriptorum
393 3270 536 3352 ingenia;
562 3271 688 3354 copiam
712 3269 879 3334 verborum
906 3269 987 3333 dico.
1035 3267 1150 3354 Quam,
1175 3292 1246 3333 cum

176 3378 326 3443 brevitati
361 3377 467 3441 adhuc
502 3384 661 3442 tractatae
701 3399 831 3460 prorsus
869 3378 1030 3442 contraria
1064 3379 1115 3461 sit,
1150 3378 1247 3461 plane

178 3485 243 3549 alia
266 3485 390 3550 ratione
428 3492 594 3568 acceptam
629 3484 729 3550 fuisse
752 3487 881 3567 utrique
905 3487 1053 3570 scriptori
1078 3483 1246 3549 confestim

177 3592 398 3674 unusquisque
434 3591 613 3658 concludet.
672 3591 789 3675 Neque
828 3592 946 3658 errabit
985 3593 1045 3656 hac
1083 3593 1116 3656 in
1151 3593 1246 3655 ratio-

250 3805 269 3875 ¹)
300 3823 371 3874 quae
391 3804 524 3858 Wolifrus
543 3806 561 3859 1.
582 3807 600 3862 1.
619 3825 646 3874 p.
671 3803 704 3858 15
725 3806 842 3873 exponit
869 3806 904 3858 de
923 3805 1099 3860 substantivo
1126 3804 1245 3872 ,itinere‘

179 3897 214 3950 ad
233 3896 392 3965 genitivum
411 3895 541 3963 gerundii
561 3895 710 3962 applicate,
738 3910 772 3948 ea
791 3895 863 3947 nihil
891 3895 999 3949 faciunt
1024 3894 1060 3947 ad
1078 3911 1137 3946 rem
1145 3914 1151 3961 ς
1181 3911 1246 3946 nam

180 3986 319 4038 vocabula
339 3984 476 4053 ,superius
496 3984 558 4036 iter*
579 3984 720 4037 obiectiva
740 3985 861 4052 quadam
885 3986 914 4038 vi
933 3985 1071 4036 instructa
1090 3982 1126 4035 ad
1144 3983 1246 4052 geniti-

180 4092 247 4127 vum
267 4073 449 4141 ,transeundi‘
469 4073 622 4140 pertinent,
652 4073 726 4140 quod
744 4073 803 4140 ipse
825 4072 959 4126 Wolffius
988 4071 1147 4142 significare
1169 4074 1246 4127 vide·

180 4169 234 4230 tur,
255 4181 318 4216 cum
338 4163 408 4215 dicii
427 4178 488 4233 ,ng
505 4177 653 4221 ausscrdem
668 4177 709 4221 die
724 4177 854 4232 Wendung
869 4177 926 4231 ,iter
939 4176 1002 4220 ire‘.‘

250 4248 270 4323 2)
289 4252 307 4305 l.
328 4253 346 4305 l.
368 4251 453 4322 (Veil.
468 4254 492 4320 2,
510 4250 567 4319 128,
584 4252 609 4305 l:
631 4269 728 4321 ,neque
746 4268 834 4305 novus
853 4252 1016 4307 hiemes..
1037 4257 1080 4306 est
1096 4251 1246 4324 putandi‘.)
