2836 4846
599 486 818 546 ..13..

181 675 266 758 fugit
289 676 424 742 salutem
450 677 587 744 civitatis
617 678 678 742 nisi
702 701 721 742 a
744 678 888 764 principe
916 679 1094 764 exspectari
1116 680 1260 746 nullam·

176 803 288 863 posse3
314 783 495 849 describere
511 786 610 868 igitur
625 787 734 867 voluit,
751 787 950 871 principatus
969 787 1241 870 quemadmodum

177 891 217 955 ab
253 891 353 956 initiis
387 898 462 976 post
490 913 631 976 pugnarn
666 891 836 956 Actiacam
871 915 973 976 usqne
1007 893 1050 958 ad
1083 916 1241 959 summum

176 996 339 1080 fastigium
364 997 493 1063 Nervae
517 1021 555 1064 ac
581 997 715 1064 Traiani
738 1001 935 1084 temporibus
952 1002 1160 1085 pervenisset,
1187 1003 1241 1084 qni

177 1104 311 1186 'quidem
345 1126 397 1171 res
431 1105 505 1170 olim
542 1104 762 1173 dissociabiles
785 1108 997 1183 miscuissent,
1027 1088 1269 1193 principatum¹

178 1231 216 1274 ac
238 1211 430 1293 libertatem,
456 1213 690 1296 unxissentque
707 1214 825 1280 cotidie
840 1214 1025 1280 felicitatem
1049 1223 1240 1300 temporum.

177 1315 384 1383 Tristissimis
408 1327 514 1384 antem
550 1320 749 1405 temporibus
784 1321 825 1386 ad
850 1320 1095 1386 describendum
1131 1321 1241 1388 electis

177 1425 210 1489 id
236 1428 310 1509 egit,
335 1434 371 1490 ut
396 1434 542 1492 moneret
576 1435 608 1492 et
642 1429 805 1513 principes
840 1436 872 1493 et
900 1428 993 1504 cives,
1029 1450 1071 1494 ne
1100 1429 1134 1493 in
1163 1427 1243 1492 talia

177 1535 254 1598 vitia
278 1536 464 1617 sceleraque
487 1535 713 1619 irrumperent,
747 1538 818 1619 ipsa
841 1557 960 1618 eorum,
987 1536 1042 1618 qui
1065 1536 1127 1601 hoc
1150 1535 1242 1601 fecis·

179 1648 259 1721 sent,
285 1641 427 1724 pernicie
451 1648 526 1704 ante
551 1642 692 1705 omnium
717 1633 826 1707 oculos
850 1643 966 1727 posita,
1027 1642 1077 1707 Eo
1107 1642 1240 1724 accedit,

181 1747 269 1829 qnod
294 1747 424 1813 Tacitus
449 1754 634 1813 constanter
662 1748 814 1814 credebat
836 1750 1002 1815 hominnm
1026 1751 1133 1832 vitam,
1159 1751 1241 1816 sicut

177 1856 370 1938 praestituta
394 1863 487 1938 esset,
514 1857 640 1920 evenire
668 1877 773 1939 neque
797 1849 875 1924 deos
898 1857 1111 1923 humanarum
1134 1879 1241 1922 rerum

179 1963 278 2027 ullam
301 1963 421 2028 habere
444 1965 612 2047 rationem,
649 1964 706 2028 sed
729 1965 861 2031 immoto
891 1966 1009 2049 animo,
1043 1987 1103 2030 nec
1130 1965 1242 2050 propi-

178 2069 241 2133 tios
265 2070 448 2136 hominibus
481 2092 585 2154 neque
612 2072 723 2153 iratos,
758 2071 826 2137 fato
864 2072 1006 2158 obsequi,
1043 2073 1240 2156 ,aequitate‘,

181 2183 217 2239 ut
247 2177 317 2260 ipse
341 2177 427 2247 Ano.
457 2178 556 2260 XVI,
594 2183 634 2242 33
661 2179 746 2259 dicit,
784 2200 872 2261 ‚erga
895 2180 980 2245 bona
1007 2181 1156 2263 malaque
1186 2178 1241 2244 do·

179 2288 348 2348 cumenta‘
408 2283 533 2367 Quibus
557 2285 652 2350 rebus
681 2285 801 2350 factum
834 2294 892 2368 est,
923 2294 960 2351 ut
984 2308 1084 2369 genus
1115 2307 1242 2369 qnoque

96 2426 101 2440 ·
179 2390 316 2472 dicendi,
336 2391 421 2474 quod
439 2392 612 2474 adamavit,
638 2394 731 2458 triste
748 2392 881 2475 aliquod
897 2399 930 2457 et
947 2414 1095 2458 severum
1112 2392 1240 2474 habeat,

179 2505 348 2563 austerum
372 2506 404 2563 et
428 2505 595 2582 maestum,
628 2500 768 2565 insolens
792 2507 824 2565 ct
848 2500 1052 2582 concitatum,
1078 2500 1165 2584 quod
1189 2522 1243 2584 ap·

185 2607 288 2688 prime
312 2609 459 2673 convenit
483 2606 525 2671 ad
548 2608 705 2672 noviciam
730 2607 857 2673 dicendi
882 2616 993 2680 artem.
1050 2608 1147 2672 Hanc
1171 2629 1243 2671 oon·

181 2715 265 2778 sulto
290 2715 424 2781 Tacitus
453 2716 575 2799 impetn
599 2715 695 2778 etiam
719 2716 839 2779 maiore
862 2715 1022 2795 instruxit,
1053 2716 1099 2779 ita
1121 2722 1265 2795 tamen,1
1334 2726 1337 2731 '

179 2828 216 2885 nt
245 2843 373 2906 semper
408 2843 479 2886 cum
515 2821 620 2887 verbis
654 2841 706 2886 res
742 2822 959 2886 consentirent
993 2823 1244 2906 implereturque

180 2950 264 2994 nova
287 2951 339 2994 ars
365 2930 566 3013 amplissima
590 2928 840 3010 dignissimaque
864 2929 1008 2999 materia,

273 3035 339 3102 Sed
362 3037 424 3101 iam
450 3038 580 3101 tertium
604 3035 684 3100 illud
709 3036 810 3118 attigi,
846 3034 886 3099 de
915 3040 994 3117 quo'
1009 3056 1108 3119 snpra
1123 3033 1148 3120 ¹)
1177 3032 1243 3098 dixi

182 3143 404 3209 disserendum
429 3144 503 3208 mihi
530 3165 611 3214 esse,
669 3140 766 3224 Quod
790 3143 857 3208 noli
879 3143 1002 3223 mirari;
1030 3141 1244 3225 nequeenim

182 3252 345 3332 ingenium
380 3252 426 3314 ita
449 3251 565 3315 acriter
594 3250 714 3334 diiungi
738 3258 847 3334 potest
885 3251 1134 3336 atemporibus,
1173 3249 1242 3333 qni·

182 3359 244 3423 bus
278 3359 434 3423 nutritum
470 3357 705 3440 educatumque
741 3358 792 3429 sit,
856 3357 914 3421 Ad
949 3359 1113 3442 inceptum
1144 3356 1244 3439 igitur

182 3464 279 3530 redeo
306 3472 346 3545 et,
373 3465 524 3547 qnoniam
553 3463 593 3529 de
617 3464 721 3529 Taciti
744 3465 873 3548 ingenio
902 3487 1007 3550 panca
1030 3463 1127 3529 modo
1153 3483 1244 3547 prae-

182 3574 261 3656 cepi,
286 3571 326 3636 de
349 3573 405 3636 illo
429 3573 569 3655 primum
593 3592 761 3654 exponam.

270 3679 333 3745 Est
369 3679 497 3761 quidem
533 3677 665 3744 Tacitus
699 3680 747 3743 vir
782 3680 889 3762 grans
925 3686 957 3743 et
989 3699 1129 3758 severus,
1166 3675 1242 3741 elati

182 3788 287 3869 animi,
313 3786 475 3851 maestitia
497 3785 655 3850 libertatis
680 3787 817 3853 amissae
842 3787 1033 3870 priscaeque
1057 3782 1245 3868 discipliuae

182 3895 341 3960 desiderio
366 3892 569 3958 vehementer
586 3901 774 3975 commotus,
793 3893 973 3977 praesentis
990 3892 1153 3956 servitutis
1176 3911 1245 3954 mo·

106 4021 112 4031 ’
182 4023 317 4083 rumque
340 4001 490 4066 lasciviae
526 4020 651 4064 summo
677 3999 751 4064 odio
776 3999 933 4079 adfectus,
969 3999 1158 4063 mutationis
1187 4017 1245 4081 spe

184 4115 217 4172 et
240 4107 373 4174 deornm
395 4106 460 4171 fide
484 4106 669 4188 destitutus,
706 4105 873 4172 detestans
901 4107 963 4172 vile
985 4107 1111 4188 vulgus,
1140 4124 1245 4187 neque

183 4221 290 4278 tamen
313 4216 476 4298 generosis
512 4214 695 4281 hominibus
720 4214 916 4297 obtrectans,
952 4212 1010 4280 sed
1032 4212 1083 4277 ira
1106 4210 1246 4296 quadam

253 4427 273 4498 ¹)
293 4446 319 4483 v.
338 4446 404 4499 pag.
421 4427 446 4483 6.
1033 4499 1052 4551 2
