<?xml version="1.0" encoding="UTF-8"?>
<!DOCTYPE html PUBLIC "-//W3C//DTD XHTML 1.0 Transitional//EN"
    "http://www.w3.org/TR/xhtml1/DTD/xhtml1-transitional.dtd">
<html xmlns="http://www.w3.org/1999/xhtml" xml:lang="en" lang="en">
 <head>
  <title>
</title>
<meta http-equiv="Content-Type" content="text/html;charset=utf-8" />
  <meta name='ocr-system' content='tesseract 3.04.00' />
  <meta name='ocr-capabilities' content='ocr_page ocr_carea ocr_par ocr_line ocrx_word'/>
</head>
<body>
  <div class='ocr_page' id='page_1' title='image "./dicendigenustac00petzgoog_0076.png"; bbox 0 0 2836 4846; ppageno 0'>
   <div class='ocr_carea' id='block_1_1' title="bbox 104 614 1313 4034">
    <p class='ocr_par' dir='ltr' id='par_1_1' title="bbox 104 614 1313 4034">
     <span class='ocr_line' id='line_1_1' title="bbox 190 614 1252 710; baseline 0 -19"><span class='ocrx_word' id='word_1_1' title='bbox 190 648 260 693; x_wconf 86' lang='lat' dir='ltr'><strong>esse</strong></span> <span class='ocrx_word' id='word_1_2' title='bbox 283 648 322 690; x_wconf 87' lang='lat' dir='ltr'><strong>ex</strong></span> <span class='ocrx_word' id='word_1_3' title='bbox 346 625 500 709; x_wconf 86' lang='lat' dir='ltr'><strong>asyndeto</strong></span> <span class='ocrx_word' id='word_1_4' title='bbox 525 632 557 689; x_wconf 90' lang='lat' dir='ltr'><strong>et</strong></span> <span class='ocrx_word' id='word_1_5' title='bbox 579 625 791 710; x_wconf 91' lang='lat' dir='ltr'><strong>polysyndeto</strong></span> <span class='ocrx_word' id='word_1_6' title='bbox 815 625 910 691; x_wconf 89' lang='lat' dir='ltr'><strong>variis</strong></span> <span class='ocrx_word' id='word_1_7' title='bbox 934 625 1103 708; x_wconf 78' lang='lat' dir='ltr'><strong>particulis</strong></span> <span class='ocrx_word' id='word_1_8' title='bbox 1129 614 1252 709; x_wconf 82' lang='lat' dir='ltr'><strong>effecte,</strong></span> 
     </span>
     <span class='ocr_line' id='line_1_2' title="bbox 189 732 1254 817; baseline -0.002 -18"><span class='ocrx_word' id='word_1_9' title='bbox 189 736 240 799; x_wconf 86' lang='lat' dir='ltr'><strong>vix</strong></span> <span class='ocrx_word' id='word_1_10' title='bbox 276 734 407 817; x_wconf 88' lang='lat' dir='ltr'><strong>dignum</strong></span> <span class='ocrx_word' id='word_1_11' title='bbox 443 739 501 814; x_wconf 88' lang='lat' dir='ltr'><strong>est,</strong></span> <span class='ocrx_word' id='word_1_12' title='bbox 536 732 622 815; x_wconf 91' lang='lat' dir='ltr'><strong>qnod</strong></span> <span class='ocrx_word' id='word_1_13' title='bbox 658 753 915 804; x_wconf 79' lang='lat' dir='ltr'><strong>commemorem,</strong></span> <span class='ocrx_word' id='word_1_14' title='bbox 972 732 1110 814; x_wconf 81' lang='lat' dir='ltr'><strong>Fugisse</strong></span> <span class='ocrx_word' id='word_1_15' title='bbox 1144 739 1254 797; x_wconf 90' lang='lat' dir='ltr'><strong>autem</strong></span> 
     </span>
     <span class='ocr_line' id='line_1_3' title="bbox 188 838 1253 924; baseline -0.004 -19"><span class='ocrx_word' id='word_1_16' title='bbox 188 841 314 905; x_wconf 89' lang='lat' dir='ltr'><strong>videtur</strong></span> <span class='ocrx_word' id='word_1_17' title='bbox 338 840 490 924; x_wconf 85' lang='lat' dir='ltr'><strong>Spittam,</strong></span> <span class='ocrx_word' id='word_1_18' title='bbox 522 839 605 904; x_wconf 90' lang='lat' dir='ltr'><strong>hanc</strong></span> <span class='ocrx_word' id='word_1_19' title='bbox 629 839 757 904; x_wconf 90' lang='lat' dir='ltr'><strong>dicendi</strong></span> <span class='ocrx_word' id='word_1_20' title='bbox 780 839 1012 924; x_wconf 79' lang='lat' dir='ltr'><strong>proprietatem</strong></span> <span class='ocrx_word' id='word_1_21' title='bbox 1037 838 1253 922; x_wconf 86' lang='lat' dir='ltr'><strong>compluribus</strong></span> 
     </span>
     <span class='ocr_line' id='line_1_4' title="bbox 188 946 1254 1031; baseline 0.002 -19"><span class='ocrx_word' id='word_1_22' title='bbox 188 949 266 1013; x_wconf 90' lang='lat' dir='ltr'><strong>locis</strong></span> <span class='ocrx_word' id='word_1_23' title='bbox 290 947 403 1012; x_wconf 81' lang='lat' dir='ltr'><strong>Tacito</strong></span> <span class='ocrx_word' id='word_1_24' title='bbox 438 953 603 1029; x_wconf 88' lang='lat' dir='ltr'><strong>acceptam</strong></span> <span class='ocrx_word' id='word_1_25' title='bbox 628 967 706 1031; x_wconf 79' lang='lat' dir='ltr'><strong>esse,</strong></span> <span class='ocrx_word' id='word_1_26' title='bbox 743 966 879 1028; x_wconf 91' lang='lat' dir='ltr'><strong>quorum</strong></span> <span class='ocrx_word' id='word_1_27' title='bbox 912 946 1082 1030; x_wconf 90' lang='lat' dir='ltr'><strong>nonnullos</strong></span> <span class='ocrx_word' id='word_1_28' title='bbox 1111 963 1254 1031; x_wconf 81' lang='lat' dir='ltr'><strong>appono:</strong></span> 
     </span>
     <span class='ocr_line' id='line_1_5' title="bbox 187 1053 1254 1138; baseline -0.004 -18"><span class='ocrx_word' id='word_1_29' title='bbox 187 1056 276 1125; x_wconf 75' lang='lat' dir='ltr'><strong>Ann.</strong></span> <span class='ocrx_word' id='word_1_30' title='bbox 303 1059 462 1137; x_wconf 79' lang='lat' dir='ltr'><strong>11,24,e</strong></span> <span class='ocrx_word' id='word_1_31' title='bbox 488 1075 602 1136; x_wconf 92' lang='lat' dir='ltr'><strong>,neque</strong></span> <span class='ocrx_word' id='word_1_32' title='bbox 631 1053 714 1118; x_wconf 90' lang='lat' dir='ltr'><strong>enim</strong></span> <span class='ocrx_word' id='word_1_33' title='bbox 737 1054 849 1134; x_wconf 92' lang='lat' dir='ltr'><strong>ignoro</strong></span> <span class='ocrx_word' id='word_1_34' title='bbox 879 1053 979 1119; x_wconf 88' lang='lat' dir='ltr'><strong>Iulios</strong></span> <span class='ocrx_word' id='word_1_35' title='bbox 1003 1053 1101 1138; x_wconf 86' lang='lat' dir='ltr'><strong>Alba,</strong></span> <span class='ocrx_word' id='word_1_36' title='bbox 1131 1053 1254 1119; x_wconf 80' lang='lat' dir='ltr'><strong>Corun-</strong></span> 
     </span>
     <span class='ocr_line' id='line_1_6' title="bbox 104 1158 1253 1243; baseline -0.006 -14"><span class='ocrx_word' id='word_1_37' title='bbox 104 1158 109 1166; x_wconf 76' lang='grc'><strong>’</strong></span> <span class='ocrx_word' id='word_1_38' title='bbox 188 1164 295 1229; x_wconf 87' lang='grc'><strong>111111</strong></span> <span class='ocrx_word' id='word_1_39' title='bbox 320 1161 478 1241; x_wconf 77' lang='lat' dir='ltr'><strong>Camerio,</strong></span> <span class='ocrx_word' id='word_1_40' title='bbox 503 1159 636 1225; x_wconf 87' lang='lat' dir='ltr'><strong>Porcios</strong></span> <span class='ocrx_word' id='word_1_41' title='bbox 654 1158 803 1240; x_wconf 74' lang='lat' dir='ltr'><strong>Tusculo,</strong></span> <span class='ocrx_word' id='word_1_42' title='bbox 829 1166 862 1223; x_wconf 91' lang='lat' dir='ltr'><strong>et</strong></span> <span class='ocrx_word' id='word_1_43' title='bbox 885 1181 925 1222; x_wconf 92' lang='lat' dir='ltr'><strong>ne</strong></span> <span class='ocrx_word' id='word_1_44' title='bbox 942 1167 1049 1224; x_wconf 86' lang='lat' dir='ltr'><strong>vetera</strong></span> <span class='ocrx_word' id='word_1_45' title='bbox 1066 1167 1253 1243; x_wconf 80' lang='lat' dir='ltr'><strong>scrutemur,</strong></span> 
     </span>
     <span class='ocr_line' id='line_1_7' title="bbox 187 1267 1253 1351; baseline -0.002 -18"><span class='ocrx_word' id='word_1_46' title='bbox 187 1268 320 1333; x_wconf 77' lang='lat' dir='ltr'><strong>Etruria</strong></span> <span class='ocrx_word' id='word_1_47' title='bbox 343 1268 553 1350; x_wconf 71' lang='lat' dir='ltr'><strong>Lucaniaque</strong></span> <span class='ocrx_word' id='word_1_48' title='bbox 580 1274 612 1330; x_wconf 92' lang='lat' dir='ltr'><strong>et</strong></span> <span class='ocrx_word' id='word_1_49' title='bbox 637 1268 722 1331; x_wconf 90' lang='lat' dir='ltr'><strong>omni</strong></span> <span class='ocrx_word' id='word_1_50' title='bbox 745 1267 844 1330; x_wconf 89' lang='lat' dir='ltr'><strong>Italia</strong></span> <span class='ocrx_word' id='word_1_51' title='bbox 873 1268 905 1330; x_wconf 92' lang='lat' dir='ltr'><strong>in</strong></span> <span class='ocrx_word' id='word_1_52' title='bbox 934 1274 1082 1331; x_wconf 88' lang='lat' dir='ltr'><strong>senatum</strong></span> <span class='ocrx_word' id='word_1_53' title='bbox 1115 1269 1253 1351; x_wconf 87' lang='lat' dir='ltr'><strong>accitos‘,</strong></span> 
     </span>
     <span class='ocr_line' id='line_1_8' title="bbox 187 1373 1254 1461; baseline -0.004 -21"><span class='ocrx_word' id='word_1_54' title='bbox 187 1376 242 1440; x_wconf 91' lang='lat' dir='ltr'><strong>ubi</strong></span> <span class='ocrx_word' id='word_1_55' title='bbox 264 1374 456 1459; x_wconf 90' lang='lat' dir='ltr'><strong>Nipperdeii</strong></span> <span class='ocrx_word' id='word_1_56' title='bbox 479 1373 661 1439; x_wconf 86' lang='lat' dir='ltr'><strong>emendatio</strong></span> <span class='ocrx_word' id='word_1_57' title='bbox 685 1373 825 1455; x_wconf 87' lang='lat' dir='ltr'><strong>,ascitos‘</strong></span> <span class='ocrx_word' id='word_1_58' title='bbox 849 1378 1086 1455; x_wconf 80' lang='lat' dir='ltr'><strong>supervacanea</strong></span> <span class='ocrx_word' id='word_1_59' title='bbox 1113 1374 1254 1461; x_wconf 74' lang='lat' dir='ltr'><strong>videtur3</strong></span> 
     </span>
     <span class='ocr_line' id='line_1_9' title="bbox 187 1481 1254 1566; baseline 0 -19"><span class='ocrx_word' id='word_1_60' title='bbox 187 1504 260 1547; x_wconf 89' lang='lat' dir='ltr'><strong>nam</strong></span> <span class='ocrx_word' id='word_1_61' title='bbox 286 1485 340 1566; x_wconf 90' lang='lat' dir='ltr'><strong>qui</strong></span> <span class='ocrx_word' id='word_1_62' title='bbox 363 1485 493 1561; x_wconf 84' lang='lat' dir='ltr'><strong>accitur,</strong></span> <span class='ocrx_word' id='word_1_63' title='bbox 524 1484 619 1546; x_wconf 88' lang='lat' dir='ltr'><strong>etiam</strong></span> <span class='ocrx_word' id='word_1_64' title='bbox 648 1482 770 1547; x_wconf 87' lang='lat' dir='ltr'><strong>ascitur</strong></span> <span class='ocrx_word' id='word_1_65' title='bbox 791 1483 824 1545; x_wconf 92' lang='lat' dir='ltr'><strong>in</strong></span> <span class='ocrx_word' id='word_1_66' title='bbox 861 1490 1017 1549; x_wconf 71' lang='lat' dir='ltr'><strong>senatum.</strong></span> <span class='ocrx_word' id='word_1_67' title='bbox 1076 1481 1254 1548; x_wconf 88' lang='lat' dir='ltr'><strong>Praeterea</strong></span> 
     </span>
     <span class='ocr_line' id='line_1_10' title="bbox 120 1589 1254 1673; baseline 0 -18"><span class='ocrx_word' id='word_1_68' title='bbox 120 1657 123 1663; x_wconf 80' lang='grc'>,</span> <span class='ocrx_word' id='word_1_69' title='bbox 188 1612 226 1657; x_wconf 84' lang='lat' dir='ltr'><strong>ex</strong></span> <span class='ocrx_word' id='word_1_70' title='bbox 260 1590 443 1672; x_wconf 81' lang='lat' dir='ltr'><strong>regionibus</strong></span> <span class='ocrx_word' id='word_1_71' title='bbox 480 1590 520 1654; x_wconf 85' lang='lat' dir='ltr'><strong>ab</strong></span> <span class='ocrx_word' id='word_1_72' title='bbox 557 1589 636 1654; x_wconf 89' lang='lat' dir='ltr'><strong>urbe</strong></span> <span class='ocrx_word' id='word_1_73' title='bbox 671 1591 836 1673; x_wconf 87' lang='lat' dir='ltr'><strong>aliquanto</strong></span> <span class='ocrx_word' id='word_1_74' title='bbox 872 1590 1098 1654; x_wconf 85' lang='lat' dir='ltr'><strong>remotioribus</strong></span> <span class='ocrx_word' id='word_1_75' title='bbox 1132 1591 1254 1655; x_wconf 88' lang='lat' dir='ltr'><strong>accitur</strong></span> 
     </span>
     <span class='ocr_line' id='line_1_11' title="bbox 186 1696 1252 1781; baseline -0.001 -19"><span class='ocrx_word' id='word_1_76' title='bbox 186 1699 292 1780; x_wconf 92' lang='lat' dir='ltr'><strong>potius</strong></span> <span class='ocrx_word' id='word_1_77' title='bbox 318 1719 413 1780; x_wconf 90' lang='lat' dir='ltr'><strong>quam</strong></span> <span class='ocrx_word' id='word_1_78' title='bbox 430 1698 550 1761; x_wconf 89' lang='lat' dir='ltr'><strong>ascitur</strong></span> <span class='ocrx_word' id='word_1_79' title='bbox 566 1697 692 1779; x_wconf 80' lang='lat' dir='ltr'><strong>aliquis,</strong></span> <span class='ocrx_word' id='word_1_80' title='bbox 731 1697 774 1766; x_wconf 81' lang='lat' dir='ltr'><strong>ib.</strong></span> <span class='ocrx_word' id='word_1_81' title='bbox 791 1701 843 1781; x_wconf 84' lang='lat'><strong>35,</strong></span> <span class='ocrx_word' id='word_1_82' title='bbox 863 1702 902 1761; x_wconf 88' lang='lat'><strong>13</strong></span> <span class='ocrx_word' id='word_1_83' title='bbox 920 1696 1052 1779; x_wconf 82' lang='lat' dir='ltr'><strong>,Titium</strong></span> <span class='ocrx_word' id='word_1_84' title='bbox 1069 1697 1252 1778; x_wconf 89' lang='lat' dir='ltr'><strong>Proculum,</strong></span> 
     </span>
     <span class='ocr_line' id='line_1_12' title="bbox 188 1803 1254 1869; baseline 0 -2"><span class='ocrx_word' id='word_1_85' title='bbox 188 1804 355 1868; x_wconf 88' lang='lat' dir='ltr'><strong>custodem</strong></span> <span class='ocrx_word' id='word_1_86' title='bbox 380 1826 398 1868; x_wconf 89' lang='lat' dir='ltr'><strong>a</strong></span> <span class='ocrx_word' id='word_1_87' title='bbox 423 1803 502 1869; x_wconf 80' lang='lat' dir='ltr'><strong>Silio</strong></span> <span class='ocrx_word' id='word_1_88' title='bbox 527 1804 726 1869; x_wconf 79' lang='lat' dir='ltr'><strong>Messalinae</strong></span> <span class='ocrx_word' id='word_1_89' title='bbox 752 1803 864 1868; x_wconf 90' lang='lat' dir='ltr'><strong>datum</strong></span> <span class='ocrx_word' id='word_1_90' title='bbox 889 1812 921 1867; x_wconf 91' lang='lat' dir='ltr'><strong>et</strong></span> <span class='ocrx_word' id='word_1_91' title='bbox 944 1804 1097 1868; x_wconf 91' lang='lat' dir='ltr'><strong>indicium</strong></span> <span class='ocrx_word' id='word_1_92' title='bbox 1122 1803 1254 1869; x_wconf 87' lang='lat' dir='ltr'><strong>offeren-</strong></span> 
     </span>
     <span class='ocr_line' id='line_1_13' title="bbox 187 1910 1254 1995; baseline 0.002 -21"><span class='ocrx_word' id='word_1_93' title='bbox 187 1918 260 1991; x_wconf 85' lang='lat' dir='ltr'><strong>tem,</strong></span> <span class='ocrx_word' id='word_1_94' title='bbox 286 1913 430 1978; x_wconf 86' lang='lat' dir='ltr'><strong>Vettium</strong></span> <span class='ocrx_word' id='word_1_95' title='bbox 448 1912 620 1977; x_wconf 82' lang='lat' dir='ltr'><strong>Valentem</strong></span> <span class='ocrx_word' id='word_1_96' title='bbox 637 1910 819 1975; x_wconf 84' lang='lat' dir='ltr'><strong>confessum</strong></span> <span class='ocrx_word' id='word_1_97' title='bbox 843 1917 876 1975; x_wconf 91' lang='lat' dir='ltr'><strong>et</strong></span> <span class='ocrx_word' id='word_1_98' title='bbox 891 1910 1082 1995; x_wconf 91' lang='lat' dir='ltr'><strong>Pompeium</strong></span> <span class='ocrx_word' id='word_1_99' title='bbox 1099 1911 1254 1976; x_wconf 89' lang='lat' dir='ltr'><strong>Urbicum</strong></span> 
     </span>
     <span class='ocr_line' id='line_1_14' title="bbox 187 2018 1254 2102; baseline 0.002 -21"><span class='ocrx_word' id='word_1_100' title='bbox 187 2040 225 2083; x_wconf 91' lang='lat' dir='ltr'><strong>ac</strong></span> <span class='ocrx_word' id='word_1_101' title='bbox 250 2018 413 2084; x_wconf 82' lang='lat' dir='ltr'><strong>Saufeium</strong></span> <span class='ocrx_word' id='word_1_102' title='bbox 438 2018 600 2101; x_wconf 76' lang='lat' dir='ltr'><strong>Trogum‘.</strong></span> <span class='ocrx_word' id='word_1_103' title='bbox 650 2023 700 2099; x_wconf 79' lang='lat'><strong>14,</strong></span> <span class='ocrx_word' id='word_1_104' title='bbox 725 2024 776 2098; x_wconf 78' lang='lat'><strong>26,</strong></span> <span class='ocrx_word' id='word_1_105' title='bbox 803 2022 841 2083; x_wconf 80' lang='lat'><strong>12</strong></span> <span class='ocrx_word' id='word_1_106' title='bbox 867 2018 963 2102; x_wconf 76' lang='lat' dir='ltr'><strong>,mille</strong></span> <span class='ocrx_word' id='word_1_107' title='bbox 987 2019 1162 2100; x_wconf 83' lang='lat' dir='ltr'><strong>legionarii,</strong></span> <span class='ocrx_word' id='word_1_108' title='bbox 1189 2026 1254 2084; x_wconf 91' lang='lat' dir='ltr'><strong>tres</strong></span> 
     </span>
     <span class='ocr_line' id='line_1_15' title="bbox 186 2125 1254 2208; baseline 0.003 -20"><span class='ocrx_word' id='word_1_109' title='bbox 186 2127 344 2189; x_wconf 89' lang='lat' dir='ltr'><strong>sociorum</strong></span> <span class='ocrx_word' id='word_1_110' title='bbox 370 2127 517 2191; x_wconf 90' lang='lat' dir='ltr'><strong>cohortes</strong></span> <span class='ocrx_word' id='word_1_111' title='bbox 542 2126 689 2207; x_wconf 89' lang='lat' dir='ltr'><strong>duaeque</strong></span> <span class='ocrx_word' id='word_1_112' title='bbox 713 2125 855 2207; x_wconf 90' lang='lat' dir='ltr'><strong>equitum</strong></span> <span class='ocrx_word' id='word_1_113' title='bbox 880 2125 961 2206; x_wconf 87' lang='lat' dir='ltr'><strong>alae,</strong></span> <span class='ocrx_word' id='word_1_114' title='bbox 988 2134 1019 2189; x_wconf 90' lang='lat' dir='ltr'><strong>et</strong></span> <span class='ocrx_word' id='word_1_115' title='bbox 1043 2148 1105 2208; x_wconf 91' lang='lat' dir='ltr'><strong>quo</strong></span> <span class='ocrx_word' id='word_1_116' title='bbox 1129 2126 1254 2192; x_wconf 85' lang='lat' dir='ltr'><strong>facilius</strong></span> 
     </span>
     <span class='ocr_line' id='line_1_16' title="bbox 186 2231 1255 2317; baseline 0.001 -22"><span class='ocrx_word' id='word_1_117' title='bbox 186 2233 302 2296; x_wconf 91' lang='lat' dir='ltr'><strong>novum</strong></span> <span class='ocrx_word' id='word_1_118' title='bbox 326 2254 458 2314; x_wconf 90' lang='lat' dir='ltr'><strong>regnum</strong></span> <span class='ocrx_word' id='word_1_119' title='bbox 483 2238 637 2317; x_wconf 82' lang='lat' dir='ltr'><strong>tueretur,</strong></span> <span class='ocrx_word' id='word_1_120' title='bbox 668 2253 745 2316; x_wconf 89' lang='lat' dir='ltr'><strong>pars</strong></span> <span class='ocrx_word' id='word_1_121' title='bbox 769 2232 954 2313; x_wconf 87' lang='lat' dir='ltr'><strong>Armeniae,</strong></span> <span class='ocrx_word' id='word_1_122' title='bbox 985 2240 1021 2295; x_wconf 88' lang='lat' dir='ltr'><strong>ut</strong></span> <span class='ocrx_word' id='word_1_123' title='bbox 1044 2233 1159 2313; x_wconf 90' lang='lat' dir='ltr'><strong>cuique</strong></span> <span class='ocrx_word' id='word_1_124' title='bbox 1187 2231 1255 2296; x_wconf 88' lang='lat' dir='ltr'><strong>fini·</strong></span> 
     </span>
     <span class='ocr_line' id='line_1_17' title="bbox 187 2339 1254 2423; baseline 0.001 -21"><span class='ocrx_word' id='word_1_125' title='bbox 187 2339 273 2423; x_wconf 77' lang='lat' dir='ltr'><strong>tima,</strong></span> <span class='ocrx_word' id='word_1_126' title='bbox 299 2340 514 2404; x_wconf 86' lang='lat' dir='ltr'><strong>Pharasmani</strong></span> <span class='ocrx_word' id='word_1_127' title='bbox 537 2339 771 2423; x_wconf 85' lang='lat' dir='ltr'><strong>Polemonique</strong></span> <span class='ocrx_word' id='word_1_128' title='bbox 796 2346 828 2404; x_wconf 92' lang='lat' dir='ltr'><strong>et</strong></span> <span class='ocrx_word' id='word_1_129' title='bbox 843 2339 1036 2405; x_wconf 87' lang='lat' dir='ltr'><strong>Aristobulo</strong></span> <span class='ocrx_word' id='word_1_130' title='bbox 1062 2347 1161 2422; x_wconf 88' lang='lat' dir='ltr'><strong>atque</strong></span> <span class='ocrx_word' id='word_1_131' title='bbox 1186 2339 1254 2403; x_wconf 91' lang='lat' dir='ltr'><strong>An-</strong></span> 
     </span>
     <span class='ocr_line' id='line_1_18' title="bbox 186 2447 1253 2534; baseline 0.001 -23"><span class='ocrx_word' id='word_1_132' title='bbox 186 2447 293 2511; x_wconf 88' lang='lat' dir='ltr'><strong>tiocho</strong></span> <span class='ocrx_word' id='word_1_133' title='bbox 317 2469 433 2530; x_wconf 88' lang='lat' dir='ltr'><strong>parcre</strong></span> <span class='ocrx_word' id='word_1_134' title='bbox 457 2449 563 2512; x_wconf 88' lang='lat' dir='ltr'><strong>iussae</strong></span> <span class='ocrx_word' id='word_1_135' title='bbox 588 2451 688 2534; x_wconf 73' lang='lat' dir='ltr'><strong>sunt‘3</strong></span> <span class='ocrx_word' id='word_1_136' title='bbox 717 2447 772 2511; x_wconf 91' lang='lat' dir='ltr'><strong>ubi</strong></span> <span class='ocrx_word' id='word_1_137' title='bbox 796 2447 947 2513; x_wconf 88' lang='lat' dir='ltr'><strong>Halmius</strong></span> <span class='ocrx_word' id='word_1_138' title='bbox 976 2449 1094 2512; x_wconf 88' lang='lat' dir='ltr'><strong>iniuria</strong></span> <span class='ocrx_word' id='word_1_139' title='bbox 1124 2452 1253 2532; x_wconf 87' lang='lat' dir='ltr'><strong>‚partes‘</strong></span> 
     </span>
     <span class='ocr_line' id='line_1_19' title="bbox 187 2554 1255 2640; baseline 0.001 -23"><span class='ocrx_word' id='word_1_140' title='bbox 187 2555 314 2637; x_wconf 78' lang='lat' dir='ltr'><strong>scripsit</strong></span> <span class='ocrx_word' id='word_1_141' title='bbox 343 2576 401 2637; x_wconf 95' lang='lat' dir='ltr'><strong>pro</strong></span> <span class='ocrx_word' id='word_1_142' title='bbox 426 2556 580 2621; x_wconf 91' lang='lat' dir='ltr'><strong>vocabulo</strong></span> <span class='ocrx_word' id='word_1_143' title='bbox 612 2557 716 2638; x_wconf 78' lang='lat' dir='ltr'><strong>,pars‘.</strong></span> <span class='ocrx_word' id='word_1_144' title='bbox 734 2556 756 2640; x_wconf 85' lang='grc'><strong>1)</strong></span> <span class='ocrx_word' id='word_1_145' title='bbox 782 2594 824 2602; x_wconf 99' lang='grc'>-</span> <span class='ocrx_word' id='word_1_146' title='bbox 853 2554 926 2639; x_wconf 81' lang='lat' dir='ltr'><strong>Qua</strong></span> <span class='ocrx_word' id='word_1_147' title='bbox 960 2578 997 2621; x_wconf 85' lang='lat' dir='ltr'><strong>ex</strong></span> <span class='ocrx_word' id='word_1_148' title='bbox 1029 2576 1064 2619; x_wconf 91' lang='lat' dir='ltr'><strong>re</strong></span> <span class='ocrx_word' id='word_1_149' title='bbox 1097 2556 1255 2637; x_wconf 84' lang='lat' dir='ltr'><strong>colligitur</strong></span> 
     </span>
     <span class='ocr_line' id='line_1_20' title="bbox 188 2662 1254 2746; baseline 0.004 -23"><span class='ocrx_word' id='word_1_150' title='bbox 188 2683 250 2725; x_wconf 91' lang='lat' dir='ltr'><strong>non</strong></span> <span class='ocrx_word' id='word_1_151' title='bbox 275 2662 378 2726; x_wconf 91' lang='lat' dir='ltr'><strong>solum</strong></span> <span class='ocrx_word' id='word_1_152' title='bbox 398 2662 610 2745; x_wconf 90' lang='lat' dir='ltr'><strong>polysyndeto</strong></span> <span class='ocrx_word' id='word_1_153' title='bbox 633 2663 822 2746; x_wconf 86' lang='lat' dir='ltr'><strong>scriptorem</strong></span> <span class='ocrx_word' id='word_1_154' title='bbox 843 2663 1025 2742; x_wconf 86' lang='lat' dir='ltr'><strong>indulsisse,</strong></span> <span class='ocrx_word' id='word_1_155' title='bbox 1052 2662 1138 2744; x_wconf 85' lang='lat' dir='ltr'><strong>quod</strong></span> <span class='ocrx_word' id='word_1_156' title='bbox 1159 2662 1254 2727; x_wconf 87' lang='lat' dir='ltr'><strong>variis</strong></span> 
     </span>
     <span class='ocr_line' id='line_1_21' title="bbox 187 2768 1255 2851; baseline 0.001 -20"><span class='ocrx_word' id='word_1_157' title='bbox 187 2768 279 2833; x_wconf 86' lang='lat' dir='ltr'><strong>fieret</strong></span> <span class='ocrx_word' id='word_1_158' title='bbox 301 2769 478 2851; x_wconf 87' lang='lat' dir='ltr'><strong>particulis,</strong></span> <span class='ocrx_word' id='word_1_159' title='bbox 505 2769 676 2834; x_wconf 91' lang='lat' dir='ltr'><strong>sedetiam</strong></span> <span class='ocrx_word' id='word_1_160' title='bbox 701 2769 742 2833; x_wconf 88' lang='lat' dir='ltr'><strong>ad</strong></span> <span class='ocrx_word' id='word_1_161' title='bbox 767 2776 893 2833; x_wconf 89' lang='lat' dir='ltr'><strong>tantum</strong></span> <span class='ocrx_word' id='word_1_162' title='bbox 909 2771 1094 2834; x_wconf 80' lang='lat' dir='ltr'><strong>variationis</strong></span> <span class='ocrx_word' id='word_1_163' title='bbox 1112 2768 1255 2833; x_wconf 90' lang='lat' dir='ltr'><strong>studium</strong></span> 
     </span>
     <span class='ocr_line' id='line_1_22' title="bbox 187 2875 1255 2960; baseline -0.002 -20"><span class='ocrx_word' id='word_1_164' title='bbox 187 2877 394 2960; x_wconf 89' lang='lat' dir='ltr'><strong>processisse,</strong></span> <span class='ocrx_word' id='word_1_165' title='bbox 418 2884 454 2940; x_wconf 93' lang='lat' dir='ltr'><strong>ut</strong></span> <span class='ocrx_word' id='word_1_166' title='bbox 477 2876 710 2959; x_wconf 86' lang='lat' dir='ltr'><strong>polysyndeton</strong></span> <span class='ocrx_word' id='word_1_167' title='bbox 731 2875 810 2938; x_wconf 89' lang='lat' dir='ltr'><strong>illud</strong></span> <span class='ocrx_word' id='word_1_168' title='bbox 835 2876 989 2959; x_wconf 87' lang='lat' dir='ltr'><strong>asyndeto</strong></span> <span class='ocrx_word' id='word_1_169' title='bbox 1007 2878 1148 2956; x_wconf 89' lang='lat' dir='ltr'><strong>miscere,</strong></span> <span class='ocrx_word' id='word_1_170' title='bbox 1165 2896 1255 2956; x_wconf 90' lang='lat' dir='ltr'><strong>prae-</strong></span> 
     </span>
     <span class='ocr_line' id='line_1_23' title="bbox 188 2982 1164 3068; baseline -0.002 -22"><span class='ocrx_word' id='word_1_171' title='bbox 188 2983 296 3047; x_wconf 86' lang='lat' dir='ltr'><strong>sertim</strong></span> <span class='ocrx_word' id='word_1_172' title='bbox 322 2984 354 3046; x_wconf 91' lang='grc'><strong>11</strong></span> <span class='ocrx_word' id='word_1_173' title='bbox 380 2984 507 3065; x_wconf 91' lang='lat' dir='ltr'><strong>scriptis</strong></span> <span class='ocrx_word' id='word_1_174' title='bbox 531 2983 771 3067; x_wconf 88' lang='lat' dir='ltr'><strong>posterioribus,</strong></span> <span class='ocrx_word' id='word_1_175' title='bbox 797 3005 861 3047; x_wconf 93' lang='lat' dir='ltr'><strong>non</strong></span> <span class='ocrx_word' id='word_1_176' title='bbox 886 2982 1050 3047; x_wconf 88' lang='lat' dir='ltr'><strong>dubitaret</strong></span> <span class='ocrx_word' id='word_1_177' title='bbox 1063 2983 1099 3068; x_wconf 74' lang='lat'><strong>2).</strong></span> <span class='ocrx_word' id='word_1_178' title='bbox 1124 3020 1164 3029; x_wconf 84' lang='lat'><strong>--</strong></span> 
     </span>
     <span class='ocr_line' id='line_1_24' title="bbox 278 3089 1254 3174; baseline 0 -20"><span class='ocrx_word' id='word_1_179' title='bbox 278 3089 369 3170; x_wconf 81' lang='lat' dir='ltr'><strong>Quae</strong></span> <span class='ocrx_word' id='word_1_180' title='bbox 404 3113 475 3155; x_wconf 90' lang='lat' dir='ltr'><strong>eum</strong></span> <span class='ocrx_word' id='word_1_181' title='bbox 509 3092 556 3156; x_wconf 87' lang='lat' dir='ltr'><strong>ite</strong></span> <span class='ocrx_word' id='word_1_182' title='bbox 584 3091 657 3171; x_wconf 89' lang='lat' dir='ltr'><strong>sint,</strong></span> <span class='ocrx_word' id='word_1_183' title='bbox 693 3112 795 3170; x_wconf 89' lang='lat' dir='ltr'><strong>neme,</strong></span> <span class='ocrx_word' id='word_1_184' title='bbox 832 3091 954 3174; x_wconf 74' lang='lat' dir='ltr'><strong>opinor,</strong></span> <span class='ocrx_word' id='word_1_185' title='bbox 990 3091 1120 3173; x_wconf 86' lang='lat' dir='ltr'><strong>negabit</strong></span> <span class='ocrx_word' id='word_1_186' title='bbox 1154 3089 1254 3154; x_wconf 91' lang='lat' dir='ltr'><strong>multo</strong></span> 
     </span>
     <span class='ocr_line' id='line_1_25' title="bbox 145 3194 1256 3282; baseline 0.001 -21"><span class='ocrx_word' id='word_1_187' title='bbox 145 3194 147 3199; x_wconf 78' lang='grc'><strong>’</strong></span> <span class='ocrx_word' id='word_1_188' title='bbox 188 3200 307 3263; x_wconf 90' lang='lat' dir='ltr'><strong>maiore</strong></span> <span class='ocrx_word' id='word_1_189' title='bbox 332 3199 468 3263; x_wconf 87' lang='lat' dir='ltr'><strong>audacia</strong></span> <span class='ocrx_word' id='word_1_190' title='bbox 494 3221 589 3282; x_wconf 87' lang='lat' dir='ltr'><strong>quam</strong></span> <span class='ocrx_word' id='word_1_191' title='bbox 613 3198 745 3261; x_wconf 89' lang='lat' dir='ltr'><strong>Livium</strong></span> <span class='ocrx_word' id='word_1_192' title='bbox 763 3197 804 3261; x_wconf 89' lang='lat' dir='ltr'><strong>ad</strong></span> <span class='ocrx_word' id='word_1_193' title='bbox 828 3197 1063 3281; x_wconf 86' lang='lat' dir='ltr'><strong>polysyndeton</strong></span> <span class='ocrx_word' id='word_1_194' title='bbox 1081 3199 1256 3262; x_wconf 89' lang='lat' dir='ltr'><strong>accessisse</strong></span> 
     </span>
     <span class='ocr_line' id='line_1_26' title="bbox 189 3304 1256 3391; baseline -0.001 -21"><span class='ocrx_word' id='word_1_195' title='bbox 189 3304 344 3391; x_wconf 77' lang='lat' dir='ltr'><strong>Taciturn,</strong></span> <span class='ocrx_word' id='word_1_196' title='bbox 379 3308 498 3390; x_wconf 90' lang='lat' dir='ltr'><strong>quippe</strong></span> <span class='ocrx_word' id='word_1_197' title='bbox 531 3307 585 3389; x_wconf 91' lang='lat' dir='ltr'><strong>qui</strong></span> <span class='ocrx_word' id='word_1_198' title='bbox 618 3305 699 3370; x_wconf 93' lang='lat' dir='ltr'><strong>liber</strong></span> <span class='ocrx_word' id='word_1_199' title='bbox 722 3306 765 3370; x_wconf 88' lang='lat' dir='ltr'><strong>sit</strong></span> <span class='ocrx_word' id='word_1_200' title='bbox 789 3305 975 3388; x_wconf 87' lang='lat' dir='ltr'><strong>solutusque</strong></span> <span class='ocrx_word' id='word_1_201' title='bbox 1000 3306 1108 3369; x_wconf 90' lang='lat' dir='ltr'><strong>multis</strong></span> <span class='ocrx_word' id='word_1_202' title='bbox 1137 3306 1199 3369; x_wconf 93' lang='lat' dir='ltr'><strong>illis</strong></span> <span class='ocrx_word' id='word_1_203' title='bbox 1224 3311 1256 3369; x_wconf 91' lang='grc'><strong>11</strong></span> 
     </span>
     <span class='ocr_line' id='line_1_27' title="bbox 189 3411 1256 3495; baseline -0.001 -17"><span class='ocrx_word' id='word_1_204' title='bbox 189 3416 267 3478; x_wconf 86' lang='lat' dir='ltr'><strong>artis</strong></span> <span class='ocrx_word' id='word_1_205' title='bbox 292 3436 367 3478; x_wconf 88' lang='lat' dir='ltr'><strong>usus</strong></span> <span class='ocrx_word' id='word_1_206' title='bbox 390 3413 516 3478; x_wconf 89' lang='lat' dir='ltr'><strong>Liviani</strong></span> <span class='ocrx_word' id='word_1_207' title='bbox 540 3414 694 3483; x_wconf 83' lang='lat' dir='ltr'><strong>terminis,</strong></span> <span class='ocrx_word' id='word_1_208' title='bbox 740 3412 857 3495; x_wconf 90' lang='lat' dir='ltr'><strong>Neque</strong></span> <span class='ocrx_word' id='word_1_209' title='bbox 884 3433 958 3476; x_wconf 89' lang='lat' dir='ltr'><strong>vero</strong></span> <span class='ocrx_word' id='word_1_210' title='bbox 983 3411 1044 3475; x_wconf 85' lang='lat' dir='ltr'><strong>bac</strong></span> <span class='ocrx_word' id='word_1_211' title='bbox 1072 3415 1104 3476; x_wconf 91' lang='lat' dir='ltr'><strong>in</strong></span> <span class='ocrx_word' id='word_1_212' title='bbox 1128 3435 1163 3477; x_wconf 84' lang='lat' dir='ltr'><strong>re</strong></span> <span class='ocrx_word' id='word_1_213' title='bbox 1187 3413 1256 3478; x_wconf 87' lang='lat' dir='ltr'><strong>bre-</strong></span> 
     </span>
     <span class='ocr_line' id='line_1_28' title="bbox 189 3520 1256 3604; baseline 0.001 -20"><span class='ocrx_word' id='word_1_214' title='bbox 189 3523 295 3585; x_wconf 88' lang='lat' dir='ltr'><strong>vitatis</strong></span> <span class='ocrx_word' id='word_1_215' title='bbox 321 3529 387 3584; x_wconf 92' lang='lat' dir='ltr'><strong>tam</strong></span> <span class='ocrx_word' id='word_1_216' title='bbox 412 3520 577 3586; x_wconf 89' lang='lat' dir='ltr'><strong>studiosus</strong></span> <span class='ocrx_word' id='word_1_217' title='bbox 601 3520 663 3584; x_wconf 82' lang='lat' dir='ltr'><strong>fuit</strong></span> <span class='ocrx_word' id='word_1_218' title='bbox 688 3541 782 3601; x_wconf 88' lang='lat' dir='ltr'><strong>quam</strong></span> <span class='ocrx_word' id='word_1_219' title='bbox 800 3520 997 3600; x_wconf 85' lang='lat' dir='ltr'><strong>variationis,</strong></span> <span class='ocrx_word' id='word_1_220' title='bbox 1023 3542 1105 3603; x_wconf 86' lang='lat' dir='ltr'><strong>quae</strong></span> <span class='ocrx_word' id='word_1_221' title='bbox 1128 3523 1200 3604; x_wconf 92' lang='lat' dir='ltr'><strong>ipsa</strong></span> <span class='ocrx_word' id='word_1_222' title='bbox 1223 3523 1256 3585; x_wconf 92' lang='lat' dir='ltr'><strong>in</strong></span> 
     </span>
     <span class='ocr_line' id='line_1_29' title="bbox 109 3625 1257 3712; baseline -0.001 -18"><span class='ocrx_word' id='word_1_223' title='bbox 109 3698 112 3703; x_wconf 73' lang='grc'><strong>,</strong></span> <span class='ocrx_word' id='word_1_224' title='bbox 190 3650 335 3694; x_wconf 88' lang='lat' dir='ltr'><strong>sermone</strong></span> <span class='ocrx_word' id='word_1_225' title='bbox 369 3627 515 3692; x_wconf 74' lang='grc'><strong>’11111111</strong></span> <span class='ocrx_word' id='word_1_226' title='bbox 560 3635 646 3692; x_wconf 88' lang='lat' dir='ltr'><strong>recte</strong></span> <span class='ocrx_word' id='word_1_227' title='bbox 690 3625 895 3691; x_wconf 88' lang='lat' dir='ltr'><strong>diiudicando</strong></span> <span class='ocrx_word' id='word_1_228' title='bbox 943 3626 1029 3691; x_wconf 87' lang='lat' dir='ltr'><strong>haud</strong></span> <span class='ocrx_word' id='word_1_229' title='bbox 1072 3630 1164 3712; x_wconf 89' lang='lat' dir='ltr'><strong>parvi</strong></span> <span class='ocrx_word' id='word_1_230' title='bbox 1207 3637 1257 3693; x_wconf 90' lang='lat' dir='ltr'><strong>cst</strong></span> 
     </span>
     <span class='ocr_line' id='line_1_30' title="bbox 190 3734 1256 3818; baseline 0 -18"><span class='ocrx_word' id='word_1_231' title='bbox 190 3735 402 3801; x_wconf 85' lang='lat' dir='ltr'><strong>aestimanda.</strong></span> <span class='ocrx_word' id='word_1_232' title='bbox 460 3734 532 3798; x_wconf 86' lang='lat' dir='ltr'><strong>Iam</strong></span> <span class='ocrx_word' id='word_1_233' title='bbox 556 3735 654 3816; x_wconf 86' lang='lat' dir='ltr'><strong>igitur</strong></span> <span class='ocrx_word' id='word_1_234' title='bbox 689 3735 739 3798; x_wconf 89' lang='lat' dir='ltr'><strong>via</strong></span> <span class='ocrx_word' id='word_1_235' title='bbox 761 3735 853 3799; x_wconf 92' lang='lat' dir='ltr'><strong>nobis</strong></span> <span class='ocrx_word' id='word_1_236' title='bbox 882 3741 985 3818; x_wconf 85' lang='lat' dir='ltr'><strong>patet,</strong></span> <span class='ocrx_word' id='word_1_237' title='bbox 1020 3737 1086 3817; x_wconf 84' lang='lat' dir='ltr'><strong>qua</strong></span> <span class='ocrx_word' id='word_1_238' title='bbox 1110 3736 1151 3800; x_wconf 89' lang='lat' dir='ltr'><strong>ad</strong></span> <span class='ocrx_word' id='word_1_239' title='bbox 1175 3737 1256 3800; x_wconf 88' lang='lat' dir='ltr'><strong>alias</strong></span> 
     </span>
     <span class='ocr_line' id='line_1_31' title="bbox 190 3840 1257 3926; baseline 0.001 -19"><span class='ocrx_word' id='word_1_240' title='bbox 190 3845 403 3926; x_wconf 87' lang='lat' dir='ltr'><strong>proprietates</strong></span> <span class='ocrx_word' id='word_1_241' title='bbox 415 3848 626 3922; x_wconf 87' lang='lat' dir='ltr'><strong>transeamus,</strong></span> <span class='ocrx_word' id='word_1_242' title='bbox 645 3840 710 3905; x_wconf 92' lang='lat' dir='ltr'><strong>stili</strong></span> <span class='ocrx_word' id='word_1_243' title='bbox 725 3843 934 3906; x_wconf 88' lang='lat' dir='ltr'><strong>variationem</strong></span> <span class='ocrx_word' id='word_1_244' title='bbox 951 3843 1046 3906; x_wconf 91' lang='lat' dir='ltr'><strong>otiam</strong></span> <span class='ocrx_word' id='word_1_245' title='bbox 1060 3844 1174 3908; x_wconf 87' lang='lat' dir='ltr'><strong>clarius</strong></span> <span class='ocrx_word' id='word_1_246' title='bbox 1185 3844 1257 3908; x_wconf 92' lang='lat' dir='ltr'><strong>sub·</strong></span> 
     </span>
     <span class='ocr_line' id='line_1_32' title="bbox 190 3932 1313 4034; baseline 0.001 -19"><span class='ocrx_word' id='word_1_247' title='bbox 190 3952 343 4033; x_wconf 89' lang='lat' dir='ltr'><strong>tiliusque</strong></span> <span class='ocrx_word' id='word_1_248' title='bbox 354 3951 576 4034; x_wconf 75' lang='lat' dir='ltr'><strong>exprimentes,</strong></span> <span class='ocrx_word' id='word_1_249' title='bbox 609 3949 721 4031; x_wconf 88' lang='lat' dir='ltr'><strong>Atque</strong></span> <span class='ocrx_word' id='word_1_250' title='bbox 741 3957 815 4013; x_wconf 90' lang='lat' dir='ltr'><strong>ante</strong></span> <span class='ocrx_word' id='word_1_251' title='bbox 830 3949 937 4012; x_wconf 90' lang='lat' dir='ltr'><strong>omnia</strong></span> <span class='ocrx_word' id='word_1_252' title='bbox 952 3949 1119 4014; x_wconf 87' lang='lat' dir='ltr'><strong>referenda</strong></span> <span class='ocrx_word' id='word_1_253' title='bbox 1132 3950 1195 4015; x_wconf 93' lang='lat' dir='ltr'><strong>huc</strong></span> <span class='ocrx_word' id='word_1_254' title='bbox 1207 3958 1257 4016; x_wconf 90' lang='lat' dir='ltr'><strong>est</strong></span> <span class='ocrx_word' id='word_1_255' title='bbox 1309 3932 1313 3941; x_wconf 40' lang='lat'><strong>¹</strong></span> 
     </span>
    </p>
   </div>
   <div class='ocr_carea' id='block_1_2' title="bbox 191 4216 1257 4471">
    <p class='ocr_par' dir='ltr' id='par_1_2' title="bbox 191 4216 1257 4471">
     <span class='ocr_line' id='line_1_33' title="bbox 263 4216 776 4287; baseline 0 -16"><span class='ocrx_word' id='word_1_256' title='bbox 263 4217 285 4287; x_wconf 81' lang='lat'><strong>¹)</strong></span> <span class='ocrx_word' id='word_1_257' title='bbox 306 4217 338 4271; x_wconf 86' lang='lat' dir='ltr'><strong>of.</strong></span> <span class='ocrx_word' id='word_1_258' title='bbox 359 4217 525 4286; x_wconf 88' lang='lat' dir='ltr'><strong>Nipperdeii</strong></span> <span class='ocrx_word' id='word_1_259' title='bbox 545 4217 638 4270; x_wconf 84' lang='lat' dir='ltr'><strong>adnot.</strong></span> <span class='ocrx_word' id='word_1_260' title='bbox 659 4216 739 4269; x_wconf 88' lang='lat' dir='ltr'><strong>adh.</strong></span> <span class='ocrx_word' id='word_1_261' title='bbox 759 4218 776 4271; x_wconf 94' lang='grc'><strong>1.</strong></span> 
     </span>
     <span class='ocr_line' id='line_1_34' title="bbox 263 4306 1257 4378; baseline 0.007 -18"><span class='ocrx_word' id='word_1_262' title='bbox 263 4306 284 4376; x_wconf 80' lang='lat'><strong>²)</strong></span> <span class='ocrx_word' id='word_1_263' title='bbox 305 4308 379 4375; x_wconf 88' lang='lat' dir='ltr'><strong>quod</strong></span> <span class='ocrx_word' id='word_1_264' title='bbox 393 4306 501 4362; x_wconf 85' lang='lat' dir='ltr'><strong>Wolffii</strong></span> <span class='ocrx_word' id='word_1_265' title='bbox 521 4307 676 4360; x_wconf 86' lang='lat' dir='ltr'><strong>sententiae</strong></span> <span class='ocrx_word' id='word_1_266' title='bbox 698 4325 793 4360; x_wconf 87' lang='lat' dir='ltr'><strong>rursus</strong></span> <span class='ocrx_word' id='word_1_267' title='bbox 818 4311 965 4378; x_wconf 84' lang='lat' dir='ltr'><strong>repugnat,</strong></span> <span class='ocrx_word' id='word_1_268' title='bbox 994 4306 1028 4361; x_wconf 84' lang='lat' dir='ltr'><strong>cf.</strong></span> <span class='ocrx_word' id='word_1_269' title='bbox 1051 4308 1145 4363; x_wconf 86' lang='lat' dir='ltr'><strong>adnot.</strong></span> <span class='ocrx_word' id='word_1_270' title='bbox 1166 4325 1257 4367; x_wconf 83' lang='lat' dir='ltr'><strong>meam</strong></span> 
     </span>
     <span class='ocr_line' id='line_1_35' title="bbox 191 4400 280 4471; baseline 0.022 -21"><span class='ocrx_word' id='word_1_271' title='bbox 191 4416 218 4471; x_wconf 87' lang='lat' dir='ltr'><strong>p.</strong></span> <span class='ocrx_word' id='word_1_272' title='bbox 237 4400 280 4452; x_wconf 79' lang='lat'><strong>27.</strong></span> 
     </span>
    </p>
   </div>
   <div class='ocr_carea' id='block_1_3' title="bbox 0 0 1423 4846">
    <p class='ocr_par' dir='ltr' id='par_1_3' title="bbox 0 0 1423 4846">
     <span class='ocr_line' id='line_1_36' title="bbox 0 0 1423 4846; baseline 0 0"><span class='ocrx_word' id='word_1_273' title='bbox 0 0 1423 4846; x_wconf 95' lang='lat' dir='ltr'><strong> </strong></span> 
     </span>
    </p>
   </div>
  </div>
 </body>
</html>
