2836 4846
600 455 819 523 .-45-

174 655 338 741 applicare
378 655 420 720 ad
443 655 641 738 praedicata,
681 663 717 719 ut
741 654 912 737 describat,
947 654 1049 738 qualis
1083 655 1126 720 sit
1160 646 1249 720 actio

141 776 144 786 '
174 763 272 836 verbi,
319 764 374 827 Ita
397 762 484 845 apud
503 761 725 846 Thucydidem
743 784 871 846 quoque
895 767 925 844 8,
944 765 997 843 39,
1022 761 1078 826 ubi
1100 762 1243 844 legatur:

174 868 335 957 ,ἀγγελίαν
374 873 527 957 ἔπεμπον
565 874 620 940 ἐπὶ
664 871 720 947 τὰς
752 874 791 940 ἐν
826 878 869 957 τῇ
903 866 1041 958 Μιλήτῳ
1075 877 1155 945 ναῦς
1182 877 1246 938 τοῦ

173 981 533 1065 ξυμπαρακομιαθῆναι(
567 975 718 1064 ἀγγελίαν
750 997 819 1041 csse
856 977 1021 1056 nuntium,
1055 997 1117 1058 quo
1145 974 1245 1040 Lace-

172 1083 335 1155 daemonii
374 1085 590 1149 nuntiaverint
629 1106 663 1149 sc
691 1085 839 1149 Miletum
880 1083 997 1149 adduci
1027 1083 1117 1165 velle,
1158 1084 1244 1165 quia,

175 1191 262 1273 quod
272 1192 383 1254 nuntio
395 1193 607 1272 contineatur,
629 1191 663 1255 id
676 1193 815 1274 genitivo
832 1191 1038 1273 significetur.
1067 1190 1097 1254 E
1116 1187 1246 1254 Graeca
1324 1174 1326 1179 ’

173 1298 271 1380 igitur
294 1299 405 1382 lingua
430 1299 635 1383 desumptum
652 1320 721 1363 esse
744 1298 830 1361 hunc
852 1297 979 1361 dicendi
1001 1317 1132 1361 morem.
1173 1294 1247 1378 Qua

175 1425 246 1468 cum
271 1406 419 1488 opinione
451 1406 511 1470 viri
535 1405 714 1471 doctissimi
742 1405 848 1469 facere
871 1404 1008 1484 videtur,
1040 1403 1125 1488 quod
1150 1404 1244 1468 Mad-

174 1512 277 1594 vigius
309 1514 342 1576 in
370 1535 416 1595 gr,
440 1513 514 1579 Lat.
542 1515 665 1598 5417,
700 1517 772 1582 ab
807 1511 928 1576 fatetur
961 1533 995 1577 se
1030 1495 1168 1593 nescire,
1203 1531 1245 1576 an

175 1626 248 1683 orta
271 1620 312 1683 sit
341 1619 469 1685 dicendi
498 1619 718 1702 consuetudo,
753 1618 793 1684 de
818 1640 882 1701 qua
906 1619 1032 1702 agitur,
1067 1640 1084 1682 c
1108 1618 1245 1701 genitivo

177 1724 351 1790 definiendi
380 1748 479 1791 causa
510 1728 714 1792 substantivo
750 1726 845 1790 alicui
869 1725 1031 1805 adiuncto,
1067 1725 1247 1807 comparari

173 1832 287 1898 iubens
318 1832 385 1902 Liv,
412 1840 442 1914 9,
469 1839 521 1916 45,
551 1840 590 1900 18
616 1836 792 1917 ,mitterent
825 1832 965 1898 Romam
990 1839 1133 1897 oratores
1157 1832 1246 1914 pacis

174 1937 334 2023 petendae
368 1941 613 2024 amicitiaeque‘,
669 1940 760 2024 Quae
797 1963 868 2005 cum
900 1941 946 2004 ita
979 1939 1055 2019 sint,
1098 1937 1248 2020 equidem

174 2045 381 2111 indicaverim
412 2047 602 2132 Nipperdeii
637 2049 829 2115 sententiam
858 2046 1120 2112 verisimillimam
1160 2064 1246 2125 esse3

174 2150 353 2217 Woelfflini
378 2156 470 2239 enim,
507 2177 603 2237 quam
627 2155 739 2220 videas
767 2155 801 2218 in
824 2152 1003 2237 Philolog0,
1039 2153 1100 2221 vol.
1131 2155 1182 2232 25,
1215 2173 1246 2236 p.

176 2262 239 2326 113
263 2282 321 2342 sq,
361 2261 453 2325 nimis
488 2263 636 2344 quaesita
666 2261 807 2342 videtur3
846 2259 1036 2345 Nipperdeii
1065 2268 1098 2323 et
1129 2258 1248 2341 simpli·

175 2368 303 2433 sissima
327 2376 432 2434 estet
456 2369 583 2453 linguae
606 2370 732 2452 legibus
755 2369 892 2433 maxime
916 2368 1073 2438 convenit.
1135 2363 1248 2448 Atque

175 2477 272 2539 etiam
307 2476 459 2540 Wolffius
490 2499 571 2560 quae
603 2483 716 2542 contra
740 2476 855 2560 adfert,
872 2477 895 2557 1)
932 2475 1078 2558 exempla
1112 2474 1247 2539 eLivio

176 2583 348 2667 desumpta
371 2584 451 2647 alius
477 2605 545 2649 esso
569 2585 695 2666 generis
712 2590 809 2665 atque
834 2590 1028 2647 structuram
1044 2583 1132 2646 illam
1155 2582 1246 2664 paul-

175 2690 266 2754 latim
288 2690 415 2772 longius
444 2711 514 2756 esse
537 2711 752 2775 progressam,
789 2689 873 2754 falso
902 2689 1028 2754 videtur
1059 2689 1246 2752 incensum

175 2819 316 2867 vocasse.
362 2796 449 2862 Nam
484 2820 555 2862 cum
580 2796 747 2861 Tacitinus
780 2796 907 2861 dicendi
935 2818 1005 2861 mos
1030 2796 1112 2860 alius
1136 2802 1185 2861 est
1209 2817 1247 2859 ac

176 2902 348 2985 Livianus,
393 2911 461 2968 tum
496 2905 610 2988 procul
645 2903 743 2968 dubio
776 2905 876 2985 magis
913 2910 1163 2968 consentaneum
1200 2909 1248 2967 est

177 3011 343 3075 enuntiata
367 3011 430 3074 alia
454 3011 496 3075 ad
520 3012 655 3076 aliorum
680 3011 871 3093 analogiam,
897 3031 970 3075 cum
992 3011 1104 3092 lingua
1126 3017 1247 3094 tempo-

177 3141 246 3182 rum
280 3140 374 3183 cursu
408 3119 538 3183 liberior
573 3118 737 3199 evaderet,
774 3117 882 3183 efficta
908 3139 991 3202 esse,
1028 3139 1125 3201 quam
1148 3140 1248 3181 unum

177 3226 309 3308 aliquod
331 3227 378 3290 ita
402 3234 633 3309 comparatum,
664 3232 700 3289 ut
725 3225 872 3291 omnibus
900 3226 1027 3308 linguae
1050 3225 1176 3308 legibus
1200 3247 1248 3314 re-

176 3339 335 3418 pugnaret
358 3355 461 3415 neque
492 3332 668 3416 quidquam
692 3331 828 3397 haberet
862 3334 974 3415 simile,
1010 3356 1048 3398 cx
1073 3356 1135 3416 quo
1159 3354 1248 3415 repe·
1293 3393 1296 3397 ,

177 3447 313 3520 teretur,
342 3440 403 3504 hoc
427 3447 533 3504 autern
557 3440 616 3504 viri
641 3439 726 3504 docti
750 3440 862 3505 volunt
893 3441 997 3526 ellipsi
1021 3440 1106 3505 vocis
1130 3440 1249 3524 ‚causa‘

177 3547 397 3631 comprobata.
453 3546 508 3612 Sin
533 3555 641 3612 autem
664 3545 865 3631 Nipperdeio
898 3548 1119 3630 obsequemur,
1152 3550 1249 3611 etiam

178 3653 355 3738 apparebit,
399 3653 671 3737 quemadmodum
706 3675 725 3717 a
758 3653 967 3719 substantivis
1007 3676 1079 3718 cum
1108 3653 1248 3735 genitivo

178 3761 355 3826 coniunctis
379 3761 522 3844 potuerit
545 3761 699 3825 transitus
728 3759 797 3824 fieri
820 3760 863 3824 ad
887 3762 985 3827 verba
1013 3783 1085 3826 cum
1109 3762 1248 3843 genitivo

179 3866 323 3950 gerundii
346 3866 436 3931 finali
460 3867 645 3954 coniuncta;
678 3872 710 3930 et
744 3867 915 3949 apparebit
937 3869 999 3934 hoc
1034 3890 1073 3934 ex
1106 3889 1143 3934 eo
1159 3869 1249 3954 loco,

180 3996 285 4057 aquo
309 3974 447 4059 proiecti
482 3995 603 4057 sumus,
638 3973 709 4040 dico
745 3973 813 4046 Liv.
840 3982 869 4056 9,
900 3982 929 4057 9,
962 3981 1012 4040 19.
1068 3975 1141 4040 Illic
1165 3975 1250 4045 enim

180 4081 379 4146 substantivo
405 4081 535 4164 quidem
559 4083 734 4166 apponitur
756 4083 924 4168 genitivus,
954 4103 1051 4149 seusu
1075 4090 1183 4148 autem
1207 4081 1250 4146 ad

179 4189 311 4255 verbum
336 4190 506 4256 manifesto
530 4187 679 4273 pertinet.

253 4423 275 4496 1)
296 4424 331 4480 de
350 4425 448 4495 lingua
467 4423 559 4480 Taciti
578 4443 605 4494 p.
627 4423 668 4479 15.
