2836 4846
592 266 817 326 ..10-

167 453 291 522 Plinius
314 456 426 538 maior,
452 477 583 542 operam
609 479 699 523 suam
731 464 842 542 spreta
875 459 962 525 omni
975 445 1139 525 ¹orationis
1163 465 1234 525 arte

167 567 200 628 in
229 563 304 629 solis
339 564 434 628 rebus
470 564 690 646 collocabant;
726 587 766 629 ne
800 566 835 630 hi
870 566 1000 649 quidem
1035 569 1232 653 prosperius,

169 671 224 753 qui
247 670 390 735 taedium
414 658 579 737 bominum
604 670 742 754 effugere
763 693 828 737 non
851 680 998 757 possent:
1023 695 1099 738 nam
1115 675 1234 738 unitor·

167 799 251 843 mem
275 785 307 844 et
330 778 477 862 putidam
514 779 642 844 dicendi
666 779 933 845 consuetudinem
964 802 1074 846 eorum
1099 781 1235 848 evadere

167 887 279 969 utique
303 885 485 970 oportebat.
548 887 614 951 Alii
638 908 748 951 rursus
772 887 894 952 liberae
929 889 975 953 rei
1003 888 1154 971 publicae
1177 889 1234 953 lin·

30 1024 33 1031 ·
74 1064 77 1069 ,
168 1016 263 1077 guam
288 993 508 1059 desiderantes
533 994 575 1059 ad
600 1003 722 1061 veteres
746 997 921 1080 scriptores
939 1017 973 1060 se
990 995 1232 1078 convertebant,

168 1100 210 1166 ad
251 1124 348 1184 quam
386 1103 514 1166 unicam
552 1123 698 1167 normam
739 1124 773 1168 se
810 1103 899 1187 ipsos
938 1103 1233 1175 accommodarent.

169 1205 266 1290 Quod
290 1216 322 1274 et
345 1211 462 1275 multos
475 1198 567 1274 ¹alios
585 1210 685 1292 egisse
702 1216 734 1274 et
750 1209 908 1294 Tacitum,
926 1212 1115 1296 priusquam
1136 1210 1234 1274 histo-

167 1317 235 1381 riae
259 1339 293 1382 se
316 1317 420 1399 daret,
445 1325 557 1382 notum
583 1323 639 1381 est.
698 1315 787 1381 Nam
814 1339 908 1399 nunc,
934 1323 1058 1403 opinor,
1089 1317 1234 1383 dubitari

167 1445 233 1489 non
256 1426 321 1489 iam
343 1431 462 1508 potest,
488 1425 564 1506 quin
598 1423 743 1504 dialogus
773 1424 1021 1491 decretoribus
1047 1427 1101 1508 qui
1123 1426 1234 1490 inscri-

160 1532 255 1597 bitur
287 1531 392 1598 Taciti
419 1531 588 1596 habendus
618 1533 669 1612 sit,
702 1533 894 1615 praesertim
926 1554 997 1597 cum
1021 1533 1231 1598 Woelfflinus

167 1663 198 1710 v..
214 1638 245 1711 d,
269 1641 490 1722 argutissimas
507 1641 793 1705 commentationes
818 1640 858 1704 de
874 1641 936 1705 bac
952 1663 988 1705 re
1002 1642 1035 1705 in
1051 1640 1233 1724 Philologo,

168 1746 230 1820 vol,
254 1748 363 1816 XXV
386 1755 419 1812 et
441 1748 569 1816 XXVI
594 1746 741 1820 ediderit,
754 1748 778 1834 ¹)
847 1747 888 1811 In
911 1748 966 1813 illo
993 1755 1101 1813 autem
1125 1747 1233 1813 libello

168 1846 318 1920 Tacitum
353 1863 482 1920 constat
515 1856 705 1921 imitandum
743 1856 803 1920 sibi
833 1856 1008 1940 sumpsisse
1034 1854 1234 1941 Ciceronem,

169 1964 224 2045 qui
252 1960 441 2044 Quintiliani
475 1966 676 2047 potissimum
712 1964 908 2027 auctoritate
943 1962 1234 2035 commendaretur,

168 2069 337 2135 Hactenus
360 2072 498 2154 tempori
522 2093 579 2136 suo
607 2071 738 2136 Tacitus
763 2072 882 2155 paruit.
938 2069 1100 2152 Quoniam
1126 2079 1235 2138 autem

168 2199 208 2243 ne
231 2180 264 2243 in
287 2179 427 2261 Dialogo
453 2178 581 2261 quidem
606 2179 787 2262 opprimere
804 2184 933 2262 poterat
948 2179 1111 2258 ingenium
1129 2201 1233 2261 suum,

168 2285 256 2369 quod
279 2288 312 2350 in
336 2287 420 2350 viam
455 2287 550 2368 longe
585 2287 680 2350 aliam
706 2285 854 2367 ducebat,
885 2293 916 2350 et
939 2286 1001 2350 hoc
1029 2286 1100 2370 ipso
1124 2287 1233 2352 libello

168 2394 396 2460 multominus
425 2394 469 2458 ad
493 2395 642 2459 classicos
667 2396 840 2479 scriptores
877 2414 976 2476 quam
1004 2393 1116 2458 Livius
1145 2415 1234 2459 acce·

169 2500 315 2586 101012)
346 2507 453 2566 aetate
477 2502 542 2566 iam
573 2508 743 2586 provectus
773 2522 844 2564 cnm
877 2502 1032 2565 maiorem
1064 2503 1234 2566 materiam

168 2609 373 2674 tractandam
398 2610 583 2692 susciperet,
619 2610 721 2674 multo
752 2610 853 2692 magis
876 2609 1027 2693 proprius
1057 2610 1170 2692 suique
1195 2610 1234 2673 si-

169 2717 253 2782 milis
277 2717 382 2782 factus
418 2739 536 2784 novum
560 2719 656 2800 plane
687 2715 814 2782 dicendi
838 2737 938 2798 genus
975 2715 1108 2797 effinxit,
1146 2715 1233 2798 quod

53 2834 58 2857 ¹
94 2829 97 2835 ’
169 2829 202 2887 01
224 2825 321 2907 prisci
345 2831 376 2888 et
401 2825 449 2888 sui
473 2827 627 2908 temporis
651 2826 815 2909 particeps
832 2826 938 2889 neutri
955 2825 1127 2890 obnoxium
1153 2832 1232 2904 erat,

169 2930 226 2995 sed
251 2953 290 2995 ex
312 2932 481 3014 utriusque
504 2933 676 2996 virtutibus
701 2933 922 3013 compositum,
978 2931 1096 3015 Itaque
1121 2929 1163 2994 ad
1187 2931 1233 3013 ip-

169 3041 234 3103 sius
260 3046 399 3104 aetatem
415 3039 565 3124 pertinet,
591 3038 678 3121 quod
693 3039 959 3122 inaequalitatem
976 3039 1233 3103 enuntiationum

168 3149 324 3232 praetubt
347 3147 570 3227 concinnitati,
605 3146 693 3229 quod
728 3148 872 3210 acumine
908 3146 1084 3210 sententias
1121 3166 1234 3211 ornare

170 3278 334 3338 nunquam
358 3254 425 3320 fere
448 3253 597 3336 neglexit,
624 3252 711 3336 quod
735 3253 937 3333 brevitatem,
964 3274 1048 3335 quae
1070 3251 1235 3317 interdum

170 3363 211 3429 ad
236 3363 467 3429 obscuritatem
502 3361 637 3426 redacta
672 3362 726 3440 sit,
764 3381 887 3424 summo
924 3381 1034 3424 amore
1069 3358 1234 3442 amplexus

174 3479 231 3552 est,
258 3471 394 3552 denique
419 3468 506 3550 quod
530 3489 547 3532 e
572 3466 772 3533 Graecorum
808 3466 934 3530 dicendi
959 3488 1049 3531 more
1076 3467 1179 3531 multa
1202 3467 1234 3529 in

171 3599 264 3642 suum
288 3599 381 3641 nsum
405 3575 561 3657 traduxit,
585 3597 690 3657 neque
714 3575 818 3638 minus
848 3597 865 3639 e
888 3583 1059 3659 poetarum
1084 3574 1232 3656 dictione,

170 3759 382 3766 —-——

240 3880 261 3950 ¹)
281 3880 315 3934 cf.
345 3880 464 3933 Walteri
497 3878 724 3933 dissertationem
757 3877 791 3930 de
822 3875 914 3930 Taciti
948 3876 1048 3930 studiis
1083 3875 1234 3929 rhetoricis

170 3972 312 4040 scriptam.
359 3969 435 4026 Ante
467 3969 560 4021 omnia
594 3971 688 4021 autem
719 3967 923 4036 comparandus
959 3970 1001 4018 est
1030 3965 1236 4020 Weinlrausfius

171 4061 214 4130 ,de
234 4059 332 4113 Tacito
353 4059 458 4127 dialogi
478 4058 526 4126 qui
554 4058 588 4111 de
612 4057 771 4109 oratoribus
796 4056 961 4110 inscribitur
984 4055 1115 4109 0001000.ι
1159 4055 1236 4110 Βο00

171 4151 256 4205 etiarn
280 4148 404 4201 Hessius
431 4149 466 4200 de
492 4148 545 4201 hac
571 4164 600 4199 re
625 4147 756 4214 exposuit
775 4148 804 4199 in
823 4147 910 4214 praef.
930 4147 973 4200 ed.
993 4145 1025 4200 T.
1044 4163 1071 4215 p.
1090 4144 1165 4200 XIV
1176 4163 1236 4216 sqq.

241 4237 524 4311 2)01.Το0011011001
548 4237 578 4294 in
602 4237 657 4294 litt.
681 4236 745 4294 hist.
769 4235 850 4294 Rom.
870 4236 887 4311 ᾖ
905 4235 958 4290 257
977 4254 1001 4297 a.
1021 4236 1063 4296 la
