2836 4846
602 299 819 365 ..14...

184 502 281 579 atque
305 493 526 578 indignatione
559 495 725 560 hominum
754 501 792 559 'et
825 515 932 559 rerum
967 493 1117 558 incitatus
1145 495 1244 577 pessi·

185 624 303 686 maque
337 603 444 666 omnia
478 602 587 668 sutura
622 602 852 686 praesentiens.
911 599 1002 678 Quae
1039 603 1145 668 omnia
1168 604 1243 667 stilo

185 712 262 775 eius·
275 732 379 796 paene
396 710 438 775 ad
462 710 566 775 vivum
584 731 735 794 expressa
751 731 820 774 esse
837 709 1001 779 iudicabis,
1048 708 1135 774 Nam
1152 710 1242 774 stilus

182 841 309 902 quoque
333 817 499 882 Tacitinus
529 839 657 882 severus
682 824 731 881 est
755 838 793 881 ac
817 817 934 898 gravis,
966 818 1117 881 incitatus
1147 825 1244 900 atque

180 926 378 1009 magnificus,
404 924 477 988 altis
494 923 589 988 rebus
606 923 787 1006 indulgens,
807 924 985 989 abhorrens
1002 924 1042 988 ab
1059 924 1243 1005 humilibus,

184 1033 296 1098 dolore
321 1014 463 1116 quodam
487 1039 519 1095 et
543 1031 758 1096 amaritudine
781 1031 927 1096 infectus.
978 1031 1096 1115 Itaque
1121 1054 1243 1097 summo

180 1140 249 1204 iure
271 1139 435 1204 brevitatis
452 1137 584 1202 Tacitus
602 1138 853 1203 studiosissimus
879 1146 937 1218 est,
963 1159 1038 1202 nam
1063 1140 1122 1202 viri
1143 1141 1244 1203 severi

181 1247 357 1313 orationem
392 1246 522 1311 brevem
557 1268 627 1310 esse
662 1254 801 1331 oportet.
849 1245 1000 1331 Apparet
1023 1253 1131 1311 autem
1161 1247 1244 1311 haec

180 1353 324 1417 brevitas
349 1374 412 1418 non
431 1373 479 1435 eo,
499 1353 586 1435 quod
603 1353 769 1435 vocabula,
796 1375 879 1436 quae
901 1353 954 1417 vix
978 1354 1048 1435 quis
1073 1352 1242 1432 desideret,

181 1460 320 1542 scriptor
343 1460 478 1540 omittit3
503 1459 588 1525 idem
613 1462 698 1525 enim
722 1460 764 1525 ad
789 1459 1243 1544 amplificandam‘orationcm

180 1573 213 1630 et
235 1566 268 1629 in
291 1566 394 1630 maius
418 1566 596 1632 tollendam
622 1567 748 1631 dicendi
772 1569 868 1652 copia
884 1575 917 1632 et
940 1567 1089 1632 ubertate
1113 1569 1159 1632 uti
1176 1590 1241 1632 non

181 1673 350 1755 dubitavit,
383 1695 486 1757 neque
511 1675 614 1738 solum
637 1675 670 1738 in
695 1675 820 1759 scriptis
845 1674 1030 1756 minoribus,
1066 1674 1122 1740 sed
1147 1675 1242 1739 etiam

179 1781 212 1843 in
236 1780 390 1845 Historiis
415 1787 511 1862 atque
535 1781 718 1846 Annalibus
735 1781 775 1865 ¹):
800 1781 856 1844 sed
879 1780 913 1844 id
938 1783 1140 1865 potissimum
1166 1781 1241 1862 agit,

181 1895 216 1951 ut
251 1886 472 1968 gravissimam
509 1893 635 1952 tantum
672 1889 863 1952 sententiam
898 1894 1010 1971 aperte
1045 1889 1241 1971 pronuntiet,

181 2002 289 2059 cetera
311 1993 412 2059 levius
437 1993 604 2076 significet,
634 2015 698 2076 quo
723 1995 829 2059 acrius
857 2003 889 2059 et
913 1997 1065 2060 intentius
1090 1995 1241 2075 legentes,

182 2101 259 2184 quid
283 2101 389 2166 dicere
412 2102 497 2183 velit,
521 2101 584 2186 ipsi
608 2101 759 2166 studeant
785 2102 941 2182 divinare3
973 2103 1006 2166 id
1030 2102 1240 2187 potissimum,

180 2216 217 2274 ut
240 2209 397 2273 uocabula
420 2229 545 2272 summo
570 2230 695 2293 semper
719 2210 864 2273 acumine
889 2218 996 2288 ornet3
1022 2217 1059 2274 ut
1082 2230 1121 2273 ea
1143 2207 1242 2271 uerba

180 2338 299 2400 easque
323 2316 577 2381 constructiones
601 2315 776 2400 praeierat,
813 2338 896 2399 quae
920 2318 1087 2400 plenarum
1118 2323 1242 2380 senten-

181 2425 298 2487 tiarum
322 2424 389 2487 vice
413 2421 597 2505 iungantur,
627 2423 714 2488 velut
737 2425 937 2489 substantiva
962 2424 1112 2507 verbalia,
1141 2425 1240 2506 parti-

182 2531 274 2615 cipia,
300 2531 476 2594 sententias
500 2530 677 2614 participiis
708 2531 884 2610 confectas3
919 2530 1056 2614 denique
1079 2537 1116 2595 ut
1139 2529 1241 2594 adsci-

180 2646 249 2703 scat
287 2658 340 2701 eas
380 2637 533 2702 orationis
568 2636 701 2720 figuras,
742 2660 823 2720 quae
860 2639 1049 2703 brevitatem
1086 2643 1240 2722 spectent.

180 2745 296 2827 Neque
321 2751 512 2828 aspernatur
535 2745 748 2827 velocitatem,
782 2746 972 2829 praesertim
1002 2731 1084 2828 quae
1115 2766 1132 2808 e
1155 2744 1242 2808 brevi

182 2853 328 2916 oratione
352 2858 518 2935 tamquam
551 2860 665 2934 sponte
690 2855 826 2918 oriatur:
859 2853 922 2919 huc
956 2855 1118 2938 pertinent
1146 2873 1242 2915 mom-

180 2959 242 3024 bra
264 2960 495 3025 sententiarum
530 2982 588 3044 per
623 2960 801 3044 asyndeton
831 2963 1027 3041 continuata,
1064 2959 1243 3043 particulae

182 3067 381 3132 transitionis
406 3068 551 3149 omissae,
576 3089 628 3132 res
645 3068 827 3131 contrariae
843 3068 928 3132 nude
944 3067 1079 3151 positae.
1119 3065 1243 3130 Tenen-

185 3173 260 3237 dum
286 3180 394 3238 autem
417 3180 466 3237 est
489 3196 654 3256 nunquam
670 3182 761 3239 tanto
778 3175 956 3238 velocitatis
973 3173 1079 3238 studio
1096 3173 1244 3238 Tacitum

182 3279 345 3362 flagrasse,
375 3288 410 3344 ut
434 3280 577 3346 laederet
602 3282 756 3346 orationis
781 3281 983 3364 dignitatem3
1014 3303 1095 3363 quae
1119 3302 1245 3362 semper

126 3423 129 3427 <
184 3389 211 3452 ei
235 3387 295 3451 fuit
324 3409 447 3467 summa
483 3396 580 3472 atque
614 3391 719 3474 prima
754 3389 880 3453 dicendi
914 3389 976 3463 lex,
1036 3386 1174 3453 Accedit
1203 3385 1245 3450 ad

184 3494 373 3560 brevitatem
397 3495 495 3579 aliud,
528 3497 633 3580 ipsum
658 3518 698 3562 ex
720 3498 849 3579 ingenio
874 3496 979 3562 Taciti
1008 3494 1244 3581 explicandum.

183 3601 231 3667 Ut
255 3604 338 3667 enim
362 3604 499 3687 scriptor
534 3605 689 3688 pristinae
723 3626 850 3669 morum
885 3605 1062 3669 severitatis
1092 3624 1130 3668 ac
1154 3601 1245 3665 disci-

184 3711 301 3795 plinae,
343 3732 439 3793 quam
477 3720 612 3795 propter
650 3711 816 3776 hominum
854 3713 1004 3801 inertiam
1027 3710 1154 3777 restitui
1182 3730 1245 3773 uon

184 3839 280 3900 posse
303 3817 391 3882 haud
418 3818 598 3901 ignorabat,
637 3818 749 3885 dolore
785 3818 998 3884 distinebatur
1032 3824 1064 3882 01
1095 3815 1246 3899 flagranti

186 3925 328 4008 quodam
352 3925 520 4008 desiderio,
557 3927 603 3991 sic
631 3926 721 3990 stilus
750 3925 949 3991 hilaritatem
985 3932 1017 3990 et
1041 3924 1248 4009 splendorem
1290 4008 1292 4013 ,

258 4155 280 4227 1)
301 4157 335 4211 cf.
368 4156 561 4211 Woelfflinum
585 4157 616 4210 111
645 4157 746 4212 Philol.
776 4158 831 4213 vol.
856 4155 950 4226 XXV,
982 4176 1009 4227 p.
1038 4155 1098 4226 107,
1127 4157 1249 4227 Spittam

188 4246 233 4318 (de
253 4245 345 4328 Taciti
364 4246 394 4300 in
412 4247 611 4315 componendis
631 4247 784 4302 enuntiatis
803 4247 933 4317 ratione),
953 4247 1030 4303 alios.
