2836 4846
84 4382 116 4407 h.

589 258 807 319 „33...

165 450 288 515 levetur
312 450 430 534 ellipsis
467 451 705 535 praepositione
731 452 806 536 ,ad‘,
832 473 915 533 quae
939 454 1049 517 statim
1074 454 1228 536 sequitur.

164 558 254 630 Hist.
291 564 320 640 3,
358 563 409 642 84,
448 562 489 624 18
524 561 730 644 ‚Aventinum
763 561 796 622 in
830 560 960 624 domum
984 560 1092 624 uxoris
1116 561 1230 626 sellula

164 662 318 730 defertur‘
374 686 479 748 neque
535 674 641 731 terrae
697 688 800 750 neque
847 668 949 749 gentis
996 689 1111 732 nomen
1157 689 1231 751 pro·

163 773 277 858 prium,
320 772 377 837 sed
414 775 531 839 montis
573 775 754 857 legentibus
794 776 885 839 nobis
919 777 1064 838 occurrit,
1123 772 1230 857 Quare

165 881 325 962 glossema
348 880 428 945 illud
453 903 523 947 esse
548 883 710 947 existimat
733 905 805 947 cum
829 880 956 945 Rittero
982 888 1013 945 et
1029 881 1229 965 Nipperdeio

163 989 312 1054 Heraeus
347 988 485 1073 ideoque
521 991 611 1055 uncis
635 991 772 1074 inclusit,
798 1011 876 1073 quos
901 989 999 1053 etiam
1022 989 1174 1055 Halmius
1198 991 1231 1053 in

165 1094 306 1159 editione
331 1104 446 1179 quarta
471 1097 612 1177 addidit,
649 1096 735 1180 quod
769 1119 841 1161 cum
867 1097 996 1178 colligat
1020 1097 1168 1162 Heraeus
1192 1118 1231 1161 ex

162 1205 403 1286 praepositione
426 1206 487 1288 ,in‘,
513 1226 596 1286 quae
613 1204 742 1269 deficiat
758 1204 916 1288 hocloco,
942 1226 1136 1287 quamquam
1158 1225 1230 1289 per·

163 1312 347 1375 necessaria
370 1312 421 1393 sit,
447 1312 526 1375 mihi
549 1334 615 1376 non
639 1320 726 1376 recte
750 1311 876 1376 videtur
890 1312 1062 1380 iudicasse.
1097 1310 1228 1376 Etenim

164 1419 190 1482 si
215 1439 313 1501 supra
336 1419 423 1483 Ann.
452 1423 501 1501 12,
537 1423 588 1502 51,
625 1424 662 1482 11
699 1419 775 1483 licet
809 1419 913 1484 omitti
946 1420 1228 1502 praepositionem,

162 1525 193 1588 h.
218 1525 239 1588 l.
264 1525 345 1589 nihil
370 1532 426 1609 est,
458 1547 515 1590 cur
547 1533 696 1607 ponatur,
730 1527 922 1608 praesertim
946 1547 1018 1590 curn
1044 1527 1229 1610 Aventinus

162 1630 251 1694 urbis
275 1653 362 1714 pars,
396 1631 438 1696 ad
464 1632 705 1698 similitudinem
730 1633 893 1717 quandam
916 1635 1079 1698 nominum
1103 1634 1229 1698 urbium

163 1738 308 1811 accedat.
332 1777 376 1786 —

252 1846 431 1929 Hucusque
477 1869 546 1912 eam
582 1847 719 1911 tractari
753 1845 881 1911 dicendi
911 1847 1110 1931 brevitatem,
1148 1868 1230 1930 quae

165 1952 333 2018 verborum
369 1954 465 2018 modo
501 1960 698 2019 structuram
722 1954 982 2038 comprehendit:
1014 1961 1170 2035 superest,
1195 1961 1231 2017 ut
1282 2016 1287 2027 ,

79 2140 81 2144 ⁴
165 2059 205 2124 de
230 2081 268 2124 ea
292 2060 459 2144 disseram,
497 2083 579 2146 quae
603 2061 749 2143 procedit
772 2062 899 2143 longius
924 2061 1230 2146 comprehenditque

163 2174 361 2233 structuram
411 2170 652 2233 sententiarum.
717 2169 818 2233 Cuius
861 2190 979 2250 genera
1017 2170 1120 2233 multa
1158 2188 1229 2232 esse

163 2297 359 2359 quamquam
402 2277 550 2359 equidem
584 2276 664 2351 scic,
699 2283 806 2339 tamen
841 2275 892 2339 hic
935 2275 1071 2340 duorum
1103 2282 1230 2340 tantum

161 2384 319 2446 rationem
358 2382 480 2446 habere
518 2382 595 2445 mihi
635 2387 758 2445 certum
797 2388 858 2465 est,
899 2387 930 2446 et
963 2381 1164 2466 parenthesis
1198 2388 1230 2445 et

163 2488 400 2572 brachylogiae,
420 2511 502 2571 quae
519 2488 668 2552 dicuutur
685 2510 705 2553 a
721 2490 947 2570 grammaticis.
988 2491 1095 2553 Erunt
1111 2495 1229 2572 autem,

162 2597 224 2662 nisi
248 2597 352 2681 fallor,
378 2597 433 2679 qui
448 2597 604 2660 mirentur
620 2595 660 2660 de
677 2598 860 2680 parenthesi
878 2619 929 2661 me
943 2600 1093 2681 cogitare,
1111 2596 1229 2681 quippe

164 2726 247 2788 quae
286 2726 352 2770 non
390 2711 457 2769 tam
496 2704 663 2768 brevitatis
700 2703 827 2767 dicendi
867 2705 909 2768 sit
943 2727 1038 2786 quam
1072 2704 1228 2783 incuriae3

163 2813 266 2875 oritur
290 2812 375 2875 enim
399 2810 612 2895 parenthesis
644 2811 672 2875 si
696 2810 782 2893 quod
807 2813 1007 2875 enuntiatum
1031 2811 1097 2876 iam
1120 2810 1229 2874 incho-

165 2926 255 2984 atum
279 2940 362 2983 nora
387 2918 527 3000 quadam
552 2920 712 2982 sententia
727 2917 887 3004 inciditur,
913 2941 977 3002 qua
992 2919 1084 2984 finita
1101 2918 1230 2983 demum

162 3027 382 3110 continuatur,
417 3027 607 3110 plerumque
644 3027 707 3089 alia
729 3027 855 3091 ratione
887 3049 925 3091 ac
948 3050 1013 3110 qua
1044 3026 1229 3090 inchoatum

164 3133 232 3202 fuit.
290 3132 354 3198 Sed
389 3133 476 3197 haud
514 3133 561 3197 ita
593 3154 667 3197 raro
701 3134 827 3216 accidit,
862 3143 897 3199 ut
930 3133 1132 3217 parenthesis
1165 3153 1229 3196 non

162 3240 260 3324 plena
285 3241 327 3304 sit
351 3242 520 3322 sententia,
555 3241 611 3306 sed
637 3242 823 3306 circumcisa
848 3242 956 3324 aliqua
979 3263 1018 3306 ex
1041 3247 1134 3323 parte
1159 3239 1229 3303 aliis

162 3348 339 3412 enuntiatis
364 3350 597 3432 interponatur.
634 3349 731 3413 Hanc
754 3350 858 3433 ipsam
882 3351 1122 3434 proprietatem,
1148 3367 1230 3429 quae

161 3457 350 3538 pracsertim
385 3454 473 3538 apud
507 3455 654 3520 Tacitum
688 3456 816 3523 maximi
849 3458 1002 3521 momenti
1033 3462 1097 3536 est,
1123 3461 1159 3519 ut
1181 3454 1229 3517 in·

161 3562 295 3627 lustrem
330 3563 571 3647 explanemque,
606 3585 670 3645 qua
702 3566 826 3629 ratione
859 3586 878 3629 a
911 3563 1106 3648 parenthesi,
1148 3582 1230 3644 quae

161 3670 293 3752 proprie
318 3669 455 3754 dicatur,
483 3670 629 3754 prolecta
653 3672 704 3752 sit,
729 3671 813 3738 hanc
835 3672 1056 3756 quaestionem
1081 3671 1183 3753 attigi.

569 3850 817 3933 Parenthesls

251 3991 349 4074 igitur
389 4011 485 4072 saepe
525 3998 700 4076 usurpatur
741 4000 773 4056 et
807 4016 826 4058 a
857 3992 971 4058 Tacito
1010 3999 1042 4057 et
1074 4015 1093 4056 a
1127 3991 1228 4078 hiric,

160 4119 266 4182 neque
298 4119 372 4163 vero
408 4097 530 4163 eisdem
560 4098 677 4164 finibus
711 4099 752 4164 ab
786 4109 922 4185 utroque
946 4100 1255 4193 circumscribitur.¹
1356 4185 1359 4188 ἦ
1399 4168 1402 4176 ,

161 4207 208 4274 Et
246 4207 357 4273 statim
397 4205 592 4272 monendum
631 4214 679 4271 est
717 4209 805 4294 apud
842 4209 969 4276 Livium
1008 4207 1229 4294 parenthesim
