2836 4846
615 284 832 352 .-78-

189 483 300 552 orum‘.
326 485 377 563 16,
403 487 432 567 8,
458 485 497 549 11
525 481 621 565 ,circa
636 504 761 547 summa
782 482 925 552 scelera‘.
949 479 1129 566 Aliquanto
1152 482 1253 550 levius

188 597 238 656 est
279 589 570 674 homoeoteleuton,
611 589 666 654 ubi
707 588 745 653 iis¹
777 589 882 654 verbis
914 590 1084 672 contingit,
1119 614 1254 676 quorum

78 776 80 780 ⁴
190 697 334 782 syllabae
365 696 477 761 finales
511 696 642 762 elisione
672 695 864 761 intercidere
887 703 1038 779 possunt;
1063 719 1090 769 0,
1115 721 1142 764 0.
1167 700 1253 770 Hist.

189 810 219 885 2,
248 809 298 884 12,
324 808 343 867 2
367 824 480 886 ,usque
504 803 544 867 ad
568 803 693 868 initium
717 803 954 867 maritimarum
975 801 1129 887 Alpium‘.
1152 810 1253 893 4,17,

190 916 230 975 25
264 909 440 995 ,proprium
464 909 627 974 hominum
652 908 790 978 bonum‘.
839 908 926 978 Anu.
960 911 990 990 1,
1017 912 1046 990 2,
1079 917 1128 978 12.
1154 914 1254 994 ,illum

186 1039 295 1081 rernm
319 1023 439 1081 statum
464 1016 671 1085 abnuebant‘.
696 1053 741 1064 —
764 1014 894 1081 Deinde
922 1016 954 1079 in
981 1016 1076 1100 plura
1098 1019 1255 1085 vocabula

187 1123 327 1209 patescit
349 1123 431 1188 haec
454 1123 567 1206 figura,
592 1123 679 1187 velut
702 1122 789 1187 Anu.
818 1125 868 1203 15,
893 1126 945 1203 37,
969 1128 1252 1208 6,superpositum

188 1231 365 1296 convivium
389 1230 517 1294 navium
536 1231 692 1299 aliarum‘,
717 1229 759 1293 ib.
784 1234 836 1310 40,
862 1234 883 1292 4
903 1230 996 1313 ,ignis
1011 1233 1131 1314 patulis
1152 1235 1253 1317 magis

187 1337 274 1402 urbis
300 1337 401 1408 loois‘‚
429 1343 478 1418 16,
505 1343 535 1418 3,
561 1343 580 1400 8
615 1357 689 1418 ,000
714 1336 798 1400 falsa
820 1344 917 1400 antea
940 1338 1064 1403 somnia
1087 1344 1165 1405 sua‘.
1212 1343 1253 1407 In

189 1445 327 1527 Dialogo
352 1445 457 1509 notari
490 1450 599 1526 potest
630 1448 659 1524 5,
685 1446 715 1521 6,
742 1443 795 1507 0101
818 1441 918 1508 habes
942 1444 1098 1526 syllabam
1122 1451 1197 1526 ,um‘
1220 1449 1253 1511 in

186 1553 249 1617 fine
292 1559 416 1635 septem
455 1551 607 1633 deinceps
649 1550 820 1615 verborum
857 1558 1060 1633 usurpatam:
1101 1551 1252 1633 ,Saleium

186 1659 336 1739 Bassum,
372 1680 444 1722 oum
478 1658 634 1741 optimum
667 1657 778 1738 virum,
812 1664 880 1721 tum
904 1658 1173 1723 absolutissimum
1196 1684 1252 1744 po·

187 1772 286 1847 etam3
305 1773 412 1830 tamen
429 1764 480 1828 hic
496 1766 585 1830 locus
600 1763 857 1848 interpungendo
875 1771 906 1829 et
923 1764 1055 1829 elisione
1067 1765 1198 1832 leuatur.
1209 1805 1251 1814 -

275 1871 331 1955 Ab
365 1871 427 1936 illis
466 1871 592 1936 duobus
624 1870 793 1953 generibus
831 1891 895 1934 non
936 1871 982 1934 ita
1013 1872 1109 1954 longe
1140 1871 1251 1938 Livius

186 1979 333 2061 discedit,
360 1979 420 2043 nisi
446 2000 493 2060 eo,
528 1978 614 2061 quod
642 1979 780 2062 primum
805 1977 845 2041 de
868 1977 1094 2042 vocabulorum
1119 2002 1251 2046 numero

186 2086 264 2150 nihil
289 2086 349 2151 sibi
374 2085 549 2166 constituit,
576 2085 693 2149 deinde
715 2084 802 2169 quod
826 2092 903 2168 tum,
928 2107 999 2148 cum
1024 2086 1113 2151 elisio
1138 2089 1250 2169 oritur,

187 2192 264 2256 data
288 2214 386 2275 opera
408 2191 569 2256 interdum
593 2191 874 2270 homoeoteleuton
897 2192 1025 2255 videtur
1048 2195 1271 2276 quaesivisse·

186 2299 408 2382 Inspiciantnr
440 2298 521 2362 haec
552 2297 712 2381 exemplo:
747 2301 775 2380 1,
804 2303 857 2379 14,
885 2304 901 2361 7
929 2298 1064 2379 ,modico
1088 2302 1250 2385 praesidio

70 2400 72 2409 '
185 2405 320 2471 relicto‘.
346 2408 398 2485 23,
423 2408 476 2486 48,
503 2411 522 2469 8
557 2406 674 2488 ,ipsum
708 2405 863 2469 tributum
888 2405 1120 2470 conferentium
1143 2429 1252 2472 nume·

185 2516 275 2582 rum‘,
323 2511 376 2577 Sic
400 2535 472 2576 cum
496 2511 661 2594 Madvigio
686 2513 775 2594 1οςος
799 2534 874 2576 nam
896 2512 983 2595 quod
1004 2512 1144 2576 traditur
1167 2535 1251 2597 ,eum

185 2620 316 2702 ipsum‘,
341 2620 373 2684 id
400 2619 440 2683 ab
465 2619 621 2707 hocloco
646 2620 785 2684 alienum
804 2626 862 2699 est,
888 2641 992 2702 neque
1008 2621 1102 2684 aliter
1116 2619 1252 2684 iudicari

184 2734 293 2812 potest
321 2726 361 2790 de
393 2727 464 2791 aliis
497 2727 627 2793 vocibus
651 2727 866 2812 supplementi
890 2749 986 2791 causa
1009 2726 1138 2808 additis,
1164 2727 1251 2791 velut

186 2838 275 2916 ,tum‘
300 2835 349 2898 vel
367 2836 463 2915 ,iam‘.
488 2837 540 2916 22,
558 2837 611 2914 39,
632 2839 670 2898 ll
697 2836 816 2915 ,omnia
840 2834 925 2896 circa
947 2833 1064 2915 plena‘.
1090 2835 1142 2915 25,
1161 2838 1212 2914 31,
1231 2839 1248 2896 7

186 2942 285 3022 ,circa
316 2941 444 3005 moenia
486 2939 691 3023 Syracusana
721 2949 809 3005 terra
844 2941 1010 3023 marique‘.
1058 2944 1110 3019 33,
1146 2945 1196 3020 10,
1230 2943 1248 3003 2

184 3049 302 3132 ,omnia
326 3049 411 3113 circa
436 3048 529 3129 iuga‘.
553 3051 607 3129 40,
634 3054 684 3128 52,
703 3054 721 3111 6
738 3069 787 3131 ,ea
802 3067 911 3129 pugna
932 3050 1098 3129 pugnata‘.
1141 3051 1195 3127 44,
1221 3053 1250 3130 9,

121 3159 124 3164 ’
184 3159 205 3219 4
233 3155 384 3236 ,omnium
409 3155 549 3236 gentium
576 3155 715 3218 circum‘.
738 3193 771 3202 ν
796 3155 899 3220 Venio
916 3176 1000 3219 nunc
1016 3153 1058 3217 ad
1075 3153 1249 3222 elisionem.

186 3260 257 3344 Quo
283 3284 358 3327 cave
381 3261 514 3342 referas,
541 3282 622 3342 quae
649 3267 675 3345 l,
701 3265 752 3340 14,
780 3266 796 3324 7
821 3262 1017 3346 leguntur¹);
1042 3283 1146 3343 neque
1167 3263 1251 3325 enim

186 3370 251 3434 ullo
284 3368 382 3433 modo
413 3368 545 3451 probari
573 3376 717 3451 possunt,
743 3367 782 3441 of,
806 3367 1146 3453 Weissenborniumll,
1187 3364 1250 3449 Qui

186 3498 382 3560 quamquam
406 3475 446 3539 de
470 3475 624 3540 hocloco
651 3477 770 3559 optime
795 3474 981 3559 disputavit,
1006 3481 1114 3539 tamen
1138 3474 1249 3538 mehus

186 3585 311 3667 egisset,
345 3585 372 3647 si
406 3583 446 3648 de
480 3583 609 3665 syllabis
643 3582 780 3647 dissonis
804 3582 884 3646 nihil
907 3583 1087 3668 statuisset;
1111 3601 1186 3644 nam
1209 3578 1249 3643 ab

183 3743 396 3756 ——b——fi

255 3884 278 3952 ¹)
300 3888 384 3955 ,circa
402 3888 489 3940 densa
509 3885 600 3939 obsita
619 3884 760 3954 virgulta‘.

258 3974 281 4043 2)
300 3977 330 4029 in
371 3976 466 4029 adnot.
504 3975 539 4028 ad
574 3976 601 4028 h.
633 3976 651 4029 1.
701 3974 832 4028 Ceterum
869 3973 899 4026 in
936 3971 1060 4027 editione
1098 3970 1250 4025 novissima

183 4065 221 4120 H.
252 4065 281 4120 J.
313 4065 470 4129 Muellerus
500 4065 612 4133 scripsit
639 4064 716 4131 ,locis
736 4063 810 4116 cirea
838 4063 925 4115 densa
953 4062 1078 4130 virgulta
1105 4060 1248 4128 obscuris‘,

186 4157 320 4210 facillima
349 4162 377 4209 et
407 4155 552 4224 aptissima
581 4153 784 4211 emendatione,
833 4150 915 4204 Nunc
943 4151 1030 4220 igitur
1058 4150 1111 4203 hoc
1140 4167 1249 4217 quoque

190 4246 252 4299 1000
272 4246 351 4299 elisio
371 4245 485 4314 agnosci
503 4247 605 4313 potest.
