2836 4846
282 1863 387 1982 Quo
412 1912 558 1956 sermone
574 1891 709 1958 excellat
725 1912 834 1958 rerum
857 1890 973 1974 aliquis
991 1890 1140 1974 scriptor,
1169 1911 1243 1955 eum

174 2020 237 2064 non
262 1999 477 2082 exscriptore
494 1998 572 2079 sola
592 1997 648 2062 sed
664 2018 815 2079 magnam
831 2002 959 2080 partem
975 2017 993 2061 e
1010 1993 1243 2060 consuetudine

175 2113 207 2171 et
229 2107 371 2172 moribus
396 2106 513 2170 aetatis
538 2106 615 2187 eius,
647 2125 712 2187 qua
737 2104 807 2187 quis
832 2103 1004 2188 scripserit,
1033 2101 1243 2168 iudicandum

174 2235 244 2279 esse
268 2235 341 2278 cum
364 2214 450 2277 inter
473 2233 583 2277 omnes
600 2217 737 2294 constat,
763 2218 832 2276 tum
848 2211 986 2275 maxime
1003 2216 1051 2274 est
1075 2215 1243 2276 consenta-

173 2343 278 2385 neum.
326 2319 443 2402 Neque
472 2319 555 2383 enim
581 2320 762 2403 quisquam,
792 2318 939 2402 quamvis
973 2306 1087 2382 doctus
1121 2317 1163 2382 sit
1194 2315 1245 2382 vel

173 2429 324 2512 proprius
349 2432 382 2491 et
409 2447 494 2507 suus,
527 2425 568 2490 ab
594 2427 712 2492 aetatis
747 2448 824 2492 suae
856 2427 984 2490 ratione
1012 2424 1244 2507 voluntateque

174 2534 256 2601 adeo
280 2534 363 2599 liber
391 2540 423 2599 et
447 2532 572 2599 solutus
595 2534 725 2617 incedit,
759 2539 884 2598 utnon
917 2554 971 2598 eas
996 2531 1163 2613 cogitandi
1186 2536 1244 2596 aut

176 2641 304 2707 dicendi
326 2640 424 2726 leges,
450 2663 532 2724 quas
556 2643 664 2706 animo
689 2649 721 2707 et
743 2641 939 2724 cogitatione
963 2640 1147 2724 conceperit
1171 2639 1245 2703 sibi·

176 2770 238 2831 que
263 2749 476 2831 constituerit,
501 2751 619 2814 aetatis
643 2771 721 2816 suae
745 2749 899 2814 beneficio
925 2755 1091 2813 assecutus
1116 2748 1167 2812 sit.
1203 2746 1246 2810 Id
1304 2799 1310 2805 .

177 2853 264 2937 quod
287 2854 320 2918 in
344 2854 505 2920 historicis
530 2856 619 2920 haud
634 2858 764 2920 minime
781 2861 927 2940 apparet.
962 2854 1246 2940 Quemadmodum

177 2963 261 3029 enim
295 2982 404 3026 rerum
436 2968 599 3045 gestarum
634 2964 782 3048 scriptor,
821 2965 940 3048 quippe
975 2966 1029 3046 qui
1065 2962 1245 3045 legentibus

176 3071 324 3155 exempla
340 3091 523 3155 proponere
544 3071 620 3136 velit
645 3078 702 3137 aut
725 3071 766 3135 ad
783 3071 976 3136 imitandum
993 3077 1049 3136 aut
1066 3071 1110 3135 ad
1135 3091 1247 3135 caven-

176 3179 262 3261 dum,
289 3179 458 3243 consilium
481 3200 575 3243 suum
600 3179 731 3262 exsequi
757 3180 887 3264 poterit,
910 3179 972 3243 nisi
996 3179 1039 3243 ad
1063 3181 1187 3244 animos
1213 3184 1245 3242 et

175 3293 299 3351 mentes
324 3308 445 3369 eorum,
472 3307 553 3369 quos
578 3285 694 3352 docere
718 3287 795 3369 vult,
825 3307 873 3368 ca,
909 3307 993 3369 quae
1017 3285 1162 3351 editurus
1187 3291 1245 3367 est,

177 3393 448 3460 accommodans?
487 3393 685 3459 Persuasum
718 3393 803 3459 enim
836 3393 941 3458 habeo
974 3415 1245 3476 unumquemque,

178 3500 233 3583 qui
249 3521 401 3582 magnum
417 3501 550 3585 aliquod
567 3508 600 3566 et
612 3523 709 3584 grave
725 3501 784 3566 sibi
801 3501 1017 3586 proposuerit,
1042 3503 1103 3566 nisi
1119 3501 1246 3584 ingenio

177 3629 236 3674 suo
261 3614 293 3673 et
315 3608 425 3673 indole
441 3611 644 3675 vehementer
660 3630 848 3693 permovere
863 3608 1010 3673 homines
1027 3609 1074 3673 sui
1092 3608 1247 3692 temporis

177 3737 242 3782 non
265 3735 370 3799 posse.
404 3714 574 3798 Ingenium
590 3723 698 3782 autem
715 3723 747 3782 et
763 3715 904 3781 indolem
920 3716 1070 3799 scriptor,
1096 3714 1248 3797 quoniam

177 3822 346 3888 scribendo
370 3827 497 3888 tantum
521 3823 696 3906 legentium
713 3825 836 3889 animos
861 3823 1011 3904 advertit,
1037 3823 1107 3907 ipso
1131 3840 1248 3904 genere

179 3929 306 3994 dicendi
322 3931 453 4015 optime,
478 3951 519 3996 ne
543 3930 648 3996 dicam
664 3931 767 4012 unice,
793 3931 942 3997 ostendit.
975 3931 1021 3996 Ut
1036 3930 1143 4013 igitur,
1171 3928 1249 4014 quid

114 4087 117 4092 .
178 4037 328 4121 Tacitini,
354 4037 433 4122 quid
449 4036 577 4102 Liviani
600 4040 725 4120 generis
751 4037 878 4104 dicendi
894 4039 1062 4122 proprium
1083 4038 1134 4121 sit,
1158 4037 1248 4122 peni-

179 4151 231 4210 tus
244 4152 493 4230 perscrutemur,
506 4151 698 4231 temporum,
712 4145 829 4229 quibus
840 4151 977 4228 uterque
990 4145 1128 4229 scriptor
1139 4143 1248 4227 fuerit,

178 4252 285 4336 prima
307 4253 399 4319 nobis
415 4253 567 4319 habenda
584 4261 631 4319 est
647 4254 743 4319 ratio.
791 4251 928 4335 Deinde,
955 4273 1038 4336 quae
1055 4252 1095 4318 ab
1111 4258 1249 4336 utroque

178 4360 354 4424 memoriae
377 4360 509 4446 prodita
532 4361 597 4426 sint
619 4360 669 4426 vel
685 4367 833 4444 tempora
855 4359 904 4426 vel
928 4381 980 4425 res
996 4368 1117 4444 gestae,
1142 4359 1250 4444 negle·

1069 4488 1090 4539 l
