2836 4846
514 293 791 357 1-8-

158 485 264 553 Immo
289 506 309 550 a
332 485 464 551 crimine
486 485 543 550 illo
565 485 692 551 Livium
717 485 891 552 defendere
915 487 1115 570 aliquantum
1141 489 1224 554 vide·

158 601 213 660 tur
237 591 464 676 Quintilianus,
498 594 552 676 qui
576 595 649 658 inst.
685 613 731 658 or.
765 593 793 676 Ι,
820 599 849 674 5,
876 598 917 658 56
952 594 1046 680 dicit,¹
1073 596 1226 678 quemad-

159 701 291 767 modum
314 699 420 767 Pollio
444 699 667 784 deprehendat
689 702 721 765 in
738 700 831 766 Livio
848 701 1105 786 patavinitatem,
1128 703 1225 768 licere

160 809 268 874 omnia
290 807 410 872 Italica
432 829 492 892 pro
509 808 667 873 Romanis
691 807 825 888 habeat,
850 829 954 892 neque
970 808 1076 874 minus
1093 808 1226 876 Tacitus

49 926 52 931 '
159 916 239 998 Agr.
269 937 295 984 c.
319 916 357 980 X
390 915 689 999 eloquentissimum
719 905 863 980 ceterum
895 923 1075 982 auctorem'
1098 917 1226 983 Livium

159 1023 258 1088 luisse
288 1022 420 1087 iudicat.
467 1021 653 1104 Praeterea,
691 1022 770 1105 quid
805 1021 939 1087 Asinius
976 1025 1123 1108 senserit,
1159 1031 1226 1090 tarn

159 1128 308 1212 ambigue
325 1126 515 1211 Quintiliani
538 1129 642 1193 verbis
658 1129 829 1212 indicatur,
856 1136 892 1195 ut
907 1129 983 1195 inde
1007 1131 1058 1195 vix
1081 1154 1226 1216 unquam

160 1237 283 1321 aliquid
307 1243 430 1302 certum
454 1257 492 1300 ac
519 1242 671 1302 constans
700 1238 824 1322 percipi
847 1239 964 1321 possit,
996 1239 1057 1304 nisi
1085 1239 1169 1305 forte
1192 1240 1227 1303 id

48 1350 53 1359 '
159 1345 323 1426 statuitur,
347 1343 601 1428 intellegendum
626 1366 695 1410 esse
719 1368 812 1409 usum
836 1346 965 1427 linguae
988 1345 1097 1430 paullo
1121 1347 1227 1412 liberi-

159 1474 247 1518 orem
270 1459 303 1518 et
326 1460 455 1518 tenuem
479 1452 642 1536 quendam
671 1454 825 1518 orationis
854 1455 1005 1537 colorem,
1035 1455 1125 1520 cuius
1156 1476 1227 1539 per·

158 1567 285 1625 taesnm
309 1560 350 1623 sit
365 1558 557 1641 Pollionem,
582 1559 744 1624 hominem
761 1559 878 1626 eruditi
903 1568 935 1626 et
956 1561 1072 1626 urbani
1095 1562 1224 1644 ingenii.

158 1666 308 1749 Denique
341 1688 382 1731 ne
409 1666 491 1731 illud
523 1667 652 1751 quidem
687 1667 939 1733 obliviscendum
969 1675 1027 1750 est,
1060 1667 1149 1732 haud
1181 1669 1227 1732 ita

158 1775 320 1856 integrum
348 1780 380 1838 et
407 1775 631 1859 incorruptum
659 1774 758 1839 fuisse
785 1773 892 1839 Asinii
914 1775 1077 1857 iudicium,
1107 1776 1227 1860 quippe

160 1881 214 1962 qui
238 1902 335 1945 senex
352 1888 436 1946 esset
451 1903 597 1947 morosus
615 1884 819 1966 graviterque
836 1883 936 1947 ferret
952 1889 1057 1947 totum
1071 1884 1226 1966 temporis

159 1989 208 2052 sui
235 2008 358 2053 morem
389 1995 421 2053 et
443 1990 613 2054 rationem.
626 1989 649 2076 1)
697 1986 790 2072 Quae
824 2010 896 2053 cum
926 1984 974 2054 it'a
1006 1990 1079 2070 sint,
1114 1990 1227 2071 negari

158 2116 223 2159 non
258 2102 376 2180 potest,
413 2097 557 2178 quamvis
597 2096 798 2161 adamaverit
836 2097 945 2161 Livius
986 2118 1104 2162 aureae
1144 2118 1227 2180 quae
1307 2103 1311 2111 ’

159 2202 277 2268 dicitur
300 2205 415 2269 aetatis
446 2206 619 2287 scriptores
643 2203 884 2287 imitandosque
917 2204 977 2269 sibi
1009 2205 1225 2288 proposuerit,

160 2318 268 2376 tamen
299 2310 341 2376 ad
375 2318 562 2394 argenteam
595 2317 751 2392 aetatem⁴
768 2311 857 2375 haud
888 2331 1003 2395 pauca,
1039 2310 1079 2374 ab
1113 2310 1228 2375 eodem

159 2424 324 2501 usurpata,
343 2439 413 2484 esse
429 2416 614 2505 referenda3
629 2417 662 2482 id
679 2417 767 2501 quod
784 2417 978 2484 confirmant
994 2438 1066 2481 cum
1079 2419 1227 2501 poeticae

158 2524 348 2607 locutiones,
381 2527 496 2609 quibus
521 2526 648 2609 saepius
681 2524 860 2591 delectatus
885 2532 944 2607 est,
976 2532 1044 2590 tum
1070 2525 1227 2590 vocabula

160 2629 320 2714 quaedam
343 2633 556 2715 vehementia,
589 2631 704 2715 quibus
736 2633 864 2718 saepius
898 2632 1040 2715 indulsit,
1075 2632 1130 2697 ubi
1153 2633 1226 2698 sim·

159 2738 296 2823 plicibus
320 2741 367 2803 uti
390 2745 531 2823 poterat.

250 2845 373 2912 Ocntra
397 2845 531 2911 Tacitus
555 2853 643 2913 totus
668 2853 843 2930 argenteae
866 2848 997 2930 linguae
1014 2846 1153 2912 Latinae
1178 2853 1227 2912 est

160 2954 288 3020 aetatis·
341 2950 433 3032 Quae
469 2974 541 3018 cum
575 2956 677 3037 magis
713 2956 881 3038 magisque
914 2954 1172 3038 degeneravisset
1207 2975 1227 3018 a

163 3082 253 3127 more
277 3067 309 3126 et
333 3060 565 3125 consuetudine
589 3062 719 3146 optimis
744 3063 954 3145 scriptoribus
979 3068 1122 3146 accepta,
1151 3068 1227 3126 ante

160 3170 266 3234 omnia
289 3188 458 3232 numerum
482 3170 660 3234 oratorium
676 3169 948 3253 periodorumque
965 3169 1224 3250 concinnitatem,

159 3275 274 3360 quibus
310 3274 406 3340 rebus
443 3274 556 3343 Cicero
591 3278 676 3342 inter
711 3283 835 3342 ceteros
871 3275 1041 3360 floruerat,
1078 3277 1226 3345 consulto

157 3384 297 3467 respuit3
324 3383 540 3468 displicebant
556 3385 639 3449 enim
664 3406 703 3449 ea
726 3391 892 3467 tamquam
913 3384 1087 3450 uniformia
1111 3392 1143 3451 et
1166 3407 1226 3449 usu

158 3492 291 3574 vulgata
315 3498 347 3556 et
370 3491 517 3558 molesta.
576 3491 783 3558 sententioso
819 3499 929 3558 autern
953 3492 1081 3559 dicendi
1109 3513 1225 3575 genere

158 3601 245 3682 capti
268 3598 413 3665 homines
448 3598 633 3665 inciderunt
657 3601 847 3681 orationem,
878 3621 976 3682 quam
1005 3600 1143 3664 maxime
1170 3621 1226 3683 po·

159 3714 276 3789 terant,
301 3707 478 3793 brevesque
495 3715 528 3774 et
551 3716 682 3792 argutas
708 3709 882 3774 sententias
899 3707 1111 3773 reddiderunt
1127 3709 1225 3774 etiam

158 3815 324 3898 particulis
348 3836 424 3880 raro
449 3815 612 3897 adhibitis,
650 3815 766 3899 quibus
791 3821 888 3881 antea
923 3815 1103 3881 sententiae
1133 3815 1226 3898 quasi

158 3922 299 3987 firmiore
323 3922 448 3989 vinculo
474 3923 632 3987 contineri
655 3921 812 3995 solebant,
874 3921 1007 3988 Accidit
1038 3921 1137 4005 igitur
1160 3921 1226 4007 ple-

160 4029 280 4112 risque,
317 4038 353 4094 ut
376 4030 481 4095 oratio
504 4030 538 4094 in
561 4029 687 4095 minuta
711 4029 879 4095 enuntiata
903 4029 1110 4114 dilaberetur,
1141 4051 1226 4114 quae

230 4260 253 4336 1)
273 4260 307 4316 cf.
328 4260 452 4320 Gellium
471 4262 501 4316 in
520 4265 595 4322 noct.
614 4261 676 4320 Att.
696 4260 719 4317 I.
738 4260 781 4336 22,
803 4261 844 4321 19,
