2836 4846
617 480 840 539 „23-

190 678 323 742 bornius
348 665 477 758 quidem
500 673 596 758 plane
621 672 681 736 sibi
706 679 854 738 constare
877 669 1011 736 videtur.
1074 670 1160 735 Nam
1185 692 1257 734 cum

190 783 287 848 modo
312 782 458 848 docuerit
490 781 628 846 formam
663 784 766 864 ,erat‘,
804 781 865 844 nisi
889 781 1023 863 copulae
1057 778 1128 842 loco
1158 800 1259 861 pona-

191 899 252 973 tur,
279 891 384 955 omitti
408 910 473 953 non
496 910 602 973 posse,
638 887 725 953 idem
757 891 804 951 vir
840 887 1041 952 doctissimus
1075 889 1127 965 24,
1158 887 1210 964 36,
1239 888 1254 946 l

192 1001 283 1079 ,erat‘
309 996 435 1080 adiecit,
460 998 602 1078 quamvis
626 997 659 1059 in
684 995 846 1061 codicibus
870 995 951 1060 haec
974 994 1138 1076 legantur:
1164 990 1258 1074 ,forte

193 1125 231 1168 ea
264 1125 354 1182 cura,
389 1124 471 1186 quae
506 1101 659 1167 adversus
695 1103 823 1167 Poenos
859 1107 1067 1185 praeparata,
1105 1098 1257 1163 adversus

193 1210 318 1275 Siculos
341 1211 413 1275 usui
437 1209 520 1273 fuit‘
566 1211 722 1275 Attamen
748 1211 825 1293 quin
848 1210 1003 1275 hocloco
1027 1228 1118 1271 mera
1142 1205 1258 1288 copula

194 1317 402 1397 desideretur,
422 1318 491 1399 quis
510 1316 726 1382 dubitaverit?
758 1317 834 1382 Huc
856 1316 989 1399 accedit,
1007 1315 1093 1398 quod
1117 1320 1145 1396 l,
1164 1316 1216 1396 59,
1237 1320 1256 1378 2

193 1426 290 1490 etiam
314 1425 534 1489 coniunctivus
558 1425 737 1510 imperfecti
762 1425 867 1505 deest,
902 1426 957 1507 qui
985 1424 1074 1488 locus
1098 1423 1257 1506 permirus

191 1532 491 1597 Weissenborninm
516 1533 644 1596 minime
669 1531 809 1602 offendit,

280 1638 372 1722 Quae
397 1652 468 1702 o‘um
490 1640 537 1702 ita
561 1640 633 1722 sint,
669 1639 702 1703 id
731 1639 857 1703 videtur
886 1636 1155 1717 constituendum,
1192 1657 1256 1699 nou

189 1749 236 1811 ita
260 1768 331 1812 esse
355 1745 564 1828 premendum
588 1747 650 1810 hac
666 1747 697 1809 in
715 1768 750 1810 re
767 1746 947 1825 discrimen,
975 1744 1060 1826 quod
1077 1743 1257 1809 intercedat

190 1856 276 1920 inter
300 1855 448 1938 copulam
474 1860 504 1918 et
528 1854 660 1918 uerbum
684 1856 815 1938 propria
838 1854 867 1916 vi
891 1852 1022 1924 dictum,

280 1962 395 2046 Neque
419 1983 494 2025 vero
518 1961 603 2025 idern
621 1983 747 2044 semper
771 1963 912 2043 verbum,
939 1960 1025 2043 quod
1043 1959 1255 2042 desideratur,

191 2071 398 2153 sequentibus
424 2070 581 2134 contineri
606 2077 750 2157 oportet3
775 2069 830 2134 sed
856 2071 1046 2148 etiamtum,
1073 2089 1144 2130 curn
1169 2066 1255 2130 aliud

192 2177 279 2259 quod
303 2178 434 2242 verbum
459 2179 605 2259 sequitur
638 2177 841 2240 intransitiva
876 2178 905 2239 vi
930 2183 967 2240 et·
985 2176 1097 2239 eadem
1126 2177 1256 2239 notione

191 2295 349 2365 ornatum,
386 2306 481 2367 quam
506 2285 605 2350 habet
638 2285 802 2367 passivum
828 2294 899 2346 cum
923 2283 1019 2346 verbo
1053 2283 1255 2347 substantivo

191 2394 403 2477 coniunctum,
440 2394 596 2457 omittitur
631 2393 760 2457 verbum
796 2391 1046 2470 substantivum,
1085 2412 1111 2462 e,
1141 2412 1170 2471 g.
1202 2394 1253 2473 10,

190 2502 240 2580 33,
268 2505 286 2562 6
312 2521 441 2585 ,eorum
467 2502 520 2582 qui
545 2501 630 2564 circa
654 2501 873 2583 quaestorium
898 2500 1042 2583 oppressi
1072 2498 1127 2585 (sc,
1153 2503 1251 2586 sunt),

187 2608 332 2690 periere‘,
359 2608 446 2690 quod
470 2607 554 2671 idem
579 2615 629 2672 est
650 2617 749 2691 atque
767 2608 936 2686 ,interfecti
958 2611 1052 2672 sunt‘
1096 2608 1252 2673 Nonnun-

189 2737 284 2796 quam
319 2736 398 2780 sono
424 2737 552 2797 quoque
575 2725 721 2799 respecto
746 2716 856 2780 Livius
892 2715 1016 2781 videtur
1050 2716 1137 2780 verbi
1166 2718 1252 2781 auxi·

187 2822 274 2887 liaris
299 2823 425 2905 ellipsin
442 2824 681 2904 comprobasse,
708 2845 779 2887 curn
797 2825 892 2888 rebus
909 2825 1070 2907 copiosius
1092 2827 1251 2891 enarratis

187 2930 362 2994 clausulam
394 2930 490 2994 vellet
524 2952 698 3014 apponere.
761 2929 853 3013 Quae
886 2953 926 2995 ne
962 2931 1120 2996 efficiatur
1153 2933 1250 2997 verbo

185 3037 405 3119 monosyllabo
431 3058 508 3102 neve
532 3039 578 3101 ita
594 3039 768 3120 legentium
786 3060 880 3103 aures
897 3041 1104 3121 perstringat,
1131 3042 1250 3105 mavult

185 3164 242 3224 per
267 3143 392 3226 ellipsin
416 3144 519 3226 loqui;
544 3145 631 3208 velut
655 3151 706 3226 26,
726 3150 778 3228 39,
797 3151 838 3210 23
869 3146 1029 3226 ,frumenti
1054 3169 1137 3232 spes,
1168 3170 1249 3230 quae

185 3251 215 3312 in
253 3250 352 3314 oeulis
387 3251 502 3336 fuerat,
535 3260 690 3336 utrosque
709 3232 880 3317 'frustrata
914 3256 1046 3339 pariter‘
1083 3254 1138 3341 (sc.
1176 3257 1248 3342 est),

186 3359 237 3438 24,
255 3362 285 3438 4,
304 3358 424 3439 5,haec
442 3358 605 3424 mandata‘
621 3361 679 3445 (se.
699 3361 794 3447 sunt).
826 3368 856 3438 8,
877 3367 927 3443 17,
948 3367 987 3425 12
1007 3361 1097 3441 ,haee
1114 3385 1150 3426 eo
1165 3385 1247 3429 anno

185 3465 271 3529 domi
303 3466 500 3548 militiaeque
524 3470 625 3549 gesta‘
663 3469 717 3552 (sc.
752 3467 850 3553 sunt).
912 3470 962 3551 10,
989 3473 1042 3551 43,
1071 3475 1088 3532 9
1127 3472 1182 3550 ,sic
1206 3471 1248 3535 ad

185 3570 376 3651 Cominium,
403 3575 449 3638 sic
473 3573 514 3637 ad
541 3572 750 3656 Aquiloniam
774 3584 865 3656 gesta
888 3580 949 3640 res‘
974 3576 1030 3662 (sc.
1055 3578 1126 3663 est),

273 3681 452 3762 Hucusque
475 3680 639 3745 indicativi
674 3690 798 3746 tantum
827 3684 913 3748 modi
948 3687 1105 3750 rationem
1136 3685 1247 3766 habui;

183 3786 273 3852 venio
312 3809 397 3851 nune
437 3788 479 3852 ad
520 3789 651 3871 ellipsin·
679 3790 816 3854 aliorum
851 3791 940 3856 verbi
972 3791 1150 3862 modorum.
1202 3794 1248 3858 Et

182 3897 320 3979 primum
357 3895 486 3978 quidem
526 3898 719 3962 coniunctivi
759 3899 877 3982 ellipsis
922 3902 1016 3964 certis
1056 3899 1246 3982 quibusdam

182 4002 260 4067 loeis
279 4026 342 4068 non
358 4004 404 4067 ita
423 4003 536 4067 validis
553 4003 700 4068 codicum
717 4007 906 4071 testimoniis
923 4009 1044 4075 nititur.
1096 4006 1247 4090 Namque

183 4114 235 4191 22,
253 4114 305 4192 31,
326 4115 363 4174 11
391 4113 422 4174 in
447 4110 594 4176 Puteano
620 4112 664 4175 sic
688 4113 817 4194 legitur:
847 4136 917 4198 ,pro
953 4114 1110 4178 dictatore
1135 4115 1246 4180 caede·

182 4221 291 4297 retur‘,
328 4239 432 4300 neque
466 4219 519 4282 alii
555 4217 681 4284 codices
721 4220 834 4286 melius
871 4220 1046 4304 quidquam
1082 4223 1245 4308 exhibent3

181 4324 291 4407 itaque
322 4327 492 4391 lectionem
526 4328 670 4412 ineptam
705 4327 988 4395 Weissenbornius
1024 4329 1173 4410 correxit,
1210 4338 1246 4394 ut

183 4431 338 4497 scriberet
378 4456 445 4521 ,pro
486 4435 644 4500 dictatore
680 4434 812 4519 fuisset,
857 4435 996 4501 dictator
1039 4437 1244 4509 crederetur}
