2836 4846
627 445 846 504 ..75-

206 640 237 721 3,
263 645 314 721 58,
342 642 391 704 15.
418 637 503 704 Α66.
527 641 558 718 3,
584 643 636 719 67,
662 642 691 707 8,
720 638 769 718 15,
797 640 847 714 55,
877 639 926 705 19.
954 639 1003 719 16,
1022 635 1074 710 29,
1101 638 1128 703 2,
1153 631 1269 718 ,verba‘
1370 626 1378 647 ⁸

207 754 239 812 et
258 747 391 829 ,vultus‘
420 744 508 816 Anu,
536 748 564 826 1,
591 750 619 829 7,
644 748 695 813 26.
722 747 752 826 2,
777 746 829 827 28,
856 747 883 808 7.
910 746 960 823 12,
987 746 1037 825 36,
1064 742 1113 810 14,
1141 745 1192 823 15,
1217 743 1269 822 61,

97 901 100 908 -
209 858 259 923 11,
292 851 433 936 ‚flagitia‘
468 857 499 916 et
533 850 698 933 ,facinora‘
731 850 817 912 Anu.
853 853 882 929 3,
916 853 967 933 60,
1001 851 1030 915 5.
1067 850 1096 931 6,
1122 852 1150 931 6,
1176 850 1205 912 5.
1229 883 1269 893 -

206 960 361 1028 Videmus
394 961 491 1042 igitur
522 980 615 1022 usum
647 956 827 1021 Tacitinum
859 957 893 1019 in
924 955 1015 1020 libris
1039 954 1197 1040 prioribus
1221 975 1272 1018 ex·
1327 981 1329 985 ·

207 1088 352 1150 pressum
378 1067 457 1130 satis
482 1065 651 1147 diligenter
675 1062 890 1146 separandum
914 1082 985 1126 esse
1015 1061 1055 1125 ab
1080 1082 1126 1144 eo,
1160 1060 1271 1143 quiin

205 1172 296 1238 libris
320 1173 549 1255 posterioribus
583 1192 750 1256 expressus
784 1176 847 1256 est3
878 1175 1046 1252 praeterea
1070 1168 1195 1232 duobus
1219 1188 1271 1230 vo-

209 1279 331 1344 cabulis
355 1279 533 1344 coniunctis
550 1278 629 1343 satis
646 1277 797 1342 habuisse
814 1276 962 1342 Taciturn
981 1298 1084 1358 neque
1100 1275 1272 1358 protulisse

207 1386 457 1450 alitterationem
505 1386 537 1449 in
578 1386 676 1455 totius
716 1387 895 1449 sententiae
934 1384 1089 1449 ambitum
1128 1382 1273 1464 exempla

207 1492 423 1558 testificantur
447 1516 466 1557 a
489 1515 539 1557 me
563 1493 659 1557 modo
684 1492 791 1555 611616.
839 1492 989 1574 Denique
1020 1491 1047 1554 si
1070 1489 1148 1573 qnid
1171 1489 1271 1553 levius

208 1600 241 1664 in
265 1622 394 1666 censum
419 1621 577 1686 vocamus,
603 1621 809 1682 quascunque
825 1599 973 1684 notiones
994 1599 1027 1661 in
1044 1596 1272 1661 allitteratione

209 1706 363 1788 adhibuit,
390 1727 445 1771 eas
470 1728 597 1789 semper
620 1707 686 1772 1616
710 1707 798 1771 varia
822 1705 964 1789 quadam
987 1705 1112 1768 ratione
1129 1704 1272 1768 continu-

208 1814 273 1877 avit
296 1814 444 1897 scriptor,
470 1820 507 1878 ut
531 1821 587 1878 aut
611 1813 742 1876 diversis
766 1813 845 1878 16616
870 1813 996 1895 singula
1023 1811 1153 1877 nomina
1177 1810 1272 1875 collo·

208 1928 295 1985 caret
319 1931 376 1986 aut
400 1920 533 1986 diversis
557 1920 724 2004 particulis
748 1920 924 2003 copularet.
949 1959 991 1968 —
1056 1897 1061 1910 ⁸

119 2020 121 2025 ’
297 2027 369 2090 Iam
397 2035 433 2091 ut
462 2027 503 2092 ad
526 2026 654 2092 Livium
682 2034 796 2110 vertar,
825 2050 865 2092 ne
895 2028 923 2092 is
957 2025 1085 2110 quidem
1118 2024 1273 2090 abstinuit

209 2134 254 2198 eis
278 2134 442 2216 iuncturis,
470 2135 600 2217 quaein
617 2134 798 2198 Tacitinam
816 2135 976 2217 quadrent
992 2133 1272 2218 consuetudinem

207 2262 305 2323 saepe
329 2242 413 2304 enim
437 2261 507 2304 eam
532 2242 660 2308 exhibet
684 2242 957 2323 allitterationem,
993 2261 1074 2322 qnae
1103 2239 1144 2303 ad
1169 2241 1272 2306 notio·

151 2373 153 2377 ·
208 2369 284 2411 num
317 2347 556 2412 similitudinem
593 2356 727 2432 spectat,
765 2348 803 2412 61.
839 2346 1138 2412 Weissenbornium
1171 2346 1211 2410 ad
1241 2350 1270 2430 6,

71 2458 76 2463 ’
133 2529 135 2533 ,
208 2458 261 2536 22,
288 2457 317 2535 7,
353 2455 408 2519 ubi
443 2455 476 2519 in
511 2461 601 2519 textu
633 2456 713 2519 haec
741 2456 904 2538 leguntur:
940 2460 1088 2536 vegetum
1111 2454 1273 2537 ingenium

207 2562 240 2624 iu
275 2561 379 2626 vivido
420 2569 550 2647 pectore
588 2562 731 2644 rigebat,
772 2563 979 2644 virebatque‘.
1044 2560 1274 2643 Comparanda

208 2668 305 2731 etiam
322 2674 405 2749 sunt,
424 2691 507 2751 quae
522 2670 625 2753 praef.
644 2674 683 2735 12
702 2677 843 2741 exstant:
861 2668 1066 2750 ,desiderium
1085 2690 1143 2752 per
1162 2668 1272 2733 luxum

210 2782 307 2856 atque
340 2774 503 2840 libidinem
536 2777 691 2861 pereundi
723 2777 943 2861 perdendique
968 2775 1093 2846 omnia‘‚
1118 2778 1147 2855 2,
1173 2779 1226 2856 48,
1252 2780 1271 2839 2

210 2881 375 2963 ,sanguine
410 2904 447 2947 ao
482 2882 618 2952 sudore‘.
654 2883 697 2955 ib,
728 2888 781 2965 49,
808 2888 827 2948 6
862 2883 918 2961 ,116
941 2882 1049 2963 fortes
1073 2883 1120 2946 ire
1143 2881 1271 2954 felices‘.

99 3074 102 3079 Ι
210 2995 239 3071 9,
266 2994 317 3071 27,
342 2992 364 3052 4
388 2988 581 3073 ,Campanos
599 2992 748 3072 eampos‘.
776 2990 826 3071 10,
844 2993 893 3072 19,
909 2992 928 3054 2
942 2989 1082 3071 ,abeunti
1096 2988 1271 3056 Volumnio

209 3096 375 3177 obsistere,
406 3094 580 3161 obtestari‘.
619 3102 670 3177 21,
696 3102 748 3179 41,
777 3103 817 3161 10
843 3119 925 3179 ,oum
947 3096 1170 3178 indignatione
1195 3119 1272 3178 qua-

209 3203 283 3267 dam
317 3210 416 3287 atque
447 3203 517 3274 ira‘.
552 3208 666 3286 28‚2,
701 3204 870 3286 6,gladiis
895 3205 962 3286 geri
985 3226 1036 3269 res
1062 3210 1177 3284 coepta
1201 3206 1271 3275 est‘,

209 3315 260 3389 88,
288 3315 339 3391 38,
367 3314 407 3377 17
422 3311 500 3392 ,iure
514 3332 551 3374 ao
563 3310 702 3376 iudicio‘.
727 3315 779 3395 41,
794 3316 846 3393 22,
863 3316 884 3374 4
899 3313 957 3392 ,166
974 3309 1211 3392 iudiciumque‘.
1228 3348 1271 3358 -
1324 3314 1328 3320 '

208 3415 271 3483 Vel
305 3416 503 3498 significatur
539 3417 765 3482 allitteratione
794 3419 999 3500 eontrarium,
1029 3417 1115 3480 velut
1139 3421 1190 3499 21,
1218 3422 1270 3498 24,

207 3524 229 3588 4
262 3521 431 3607 ,hospitem
465 3526 546 3588 enirn
583 3546 617 3590 se
649 3523 790 3609 Galliae,
830 3546 895 3589 uon
925 3524 1053 3588 hostem
1078 3523 1272 3608 advenisse,

209 3651 291 3712 quae
325 3631 481 3695 vocabula
510 3633 636 3716 saepius
664 3631 711 3695 ita
735 3631 948 3715 iunguntur,¹)
996 3630 1140 3712 Longius
1165 3638 1272 3695 autem

207 3734 318 3800 Livius
343 3737 549 3820 progreditur
573 3738 800 3802 allitteratione
824 3759 901 3803 usus
925 3739 958 3801 in
984 3739 1129 3802 oratione
1158 3737 1272 3819 grandi

208 3849 306 3924 atque
340 3843 495 3926 sollemni,
532 3851 614 3910 teste
646 3843 956 3932 Weissenborniol);
990 3867 1016 3913 6.
1050 3865 1078 3926 g,
1116 3849 1143 3924 1,
1176 3850 1225 3926 16,
1252 3849 1270 3908 3

80 4008 83 4013 .
204 3949 336 4030 ,deinde
372 3972 391 4014 a
426 3952 538 4035 paucis
567 3953 658 4017 initio
690 3951 776 4015 16616
811 3951 906 4016 deum
931 3951 1140 4031 deonatum,
1164 3972 1272 4033 regem

40 4105 46 4113 ,
87 4108 91 4113 .
210 4064 441 4139 parentemque
476 4058 564 4122 urbis
588 4060 755 4124 Romanae
788 4059 911 4123 salvere
935 4058 1074 4124 universi
1099 4058 1271 4123 Romulum

207 4236 275 4242 -—
286 4237 419 4245 —..-——.

280 4304 301 4373 1)
321 4305 356 4364 61,
376 4305 461 4359 Fabri
481 4307 562 4360 adh.
583 4307 601 4366 1,

281 4392 303 4461 ²)
324 4396 352 4448 iu
372 4396 467 4448 adnot.
488 4397 523 4449 ad
545 4400 566 4465 l,
590 4396 628 4465 16,
648 4397 674 4450 3.
