2836 4846
600 301 638 308 ,.-
688 265 729 325 50
777 301 816 310 ..

174 455 336 540 interesse,
368 456 403 521 iu
435 478 500 520 una
532 457 581 521 vel
609 458 754 541 pluribus
779 459 948 525 sententiis
981 459 1108 541 singula
1134 460 1242 544 verba,

175 584 277 644 eaque
301 584 340 627 ne
356 563 426 647 pari
439 562 568 646 quidem
582 565 792 646 grammatica
804 566 935 629 notione
949 586 1075 648 semper
1085 566 1241 651 praedita,

103 752 106 758 Ι
174 670 223 735 ita
247 670 406 756 collocari,
443 678 479 736 ut
513 671 601 735 aliud
631 671 685 735 alii
719 693 815 754 quam
850 674 1087 738 accuratissime
1110 694 1243 757 respon·

175 775 291 862 deatl)
341 776 449 842 Sensit
483 776 612 860 quidem
646 780 668 861 il
681 799 716 843 se
745 777 863 843 offendi
886 801 983 864 posse
1006 802 1089 846 nova
1111 782 1168 845 illa
1190 778 1241 846 de·

174 883 335 964 finitione3
367 884 504 950 adnotat
537 884 650 969 enimn
683 884 801 950 multos
835 886 975 952 fortasse
1005 887 1242 971 improbatores
1330 968 1333 973 ι

176 1003 264 1074 essa·
281 990 367 1074 quod
392 992 592 1075 anaphoram
616 992 705 1056 illam
730 993 949 1079 appellaverit,
975 1002 1072 1078 atque
1096 995 1241 1060 dicturos

175 1098 331 1163 eiusmodi
347 1101 579 1183 proprietatem
597 1121 615 1164 a
629 1099 791 1184 plerisque
812 1102 1060 1167 concinnitatem
1073 1103 1241 1186 appellari.

174 1204 231 1269 Eis
267 1206 445 1289 respondet
490 1207 747 1291 concinnitatem,
796 1228 879 1289 quae
929 1209 1072 1274 chiasmo
1115 1230 1243 1291 quoque

175 1313 341 1397 efficiatur,
365 1336 424 1398 pro
444 1335 559 1396 genere
584 1334 655 1378 esse
678 1312 870 1398 hahendam,
895 1316 986 1380 ouius
1011 1314 1134 1398 species
1159 1315 1243 1379 duae

175 1420 238 1484 sint
262 1420 420 1485 chiasmus
445 1428 477 1486 et
501 1421 676 1505 anaphora.
726 1417 818 1501 Quae
842 1423 961 1507 opinio,
986 1423 1013 1486 si
1036 1422 1149 1486 leviter
1173 1430 1241 1486 tan-

175 1533 243 1591 tum
268 1526 471 1612 advertimus,
488 1528 716 1593 verisimillima
732 1527 832 1592 videri
848 1535 967 1612 potest.
1000 1528 1123 1592 Tamen
1140 1528 1242 1592 multo

174 1635 275 1716 magis
299 1635 466 1700 laudanda
500 1643 584 1716 sunt,
615 1656 697 1718 quae
721 1635 852 1721 Ianus3)
878 1643 992 1701 contra
1016 1635 1132 1700 adfert.
1179 1633 1243 1719 Qui

175 1741 304 1823 quidem
339 1742 455 1825 probat
489 1744 712 1807 concinnitatis
748 1763 864 1806 nomen
898 1743 945 1806 ita
986 1749 1174 1826 usurpatae,
1207 1749 1243 1806 ut

173 1847 449 1932 Naegelsbachius
468 1850 544 1934 vult,
566 1850 623 1915 sed
639 1850 844 1914 vehementer
866 1848 1073 1932 reprehendit
1088 1849 1243 1932 Naegels-

173 1956 330 2042 bachium,
355 1957 441 2040 quod
467 1979 580 2022 novam
605 1978 625 2021 a
649 1978 682 2020 se
705 1956 906 2040 propositam
928 1955 1066 2035 figuram
1082 1957 1244 2021 vocaverit
1335 1982 1337 1986 ⁴

84 2074 87 2082 '
174 2065 385 2148 anaphoram.
434 2063 646 2148 Anaphoram
684 2067 766 2129 enim
791 2063 921 2147 proprie
941 2063 1130 2147 significare,
1156 2062 1242 2146 quod

174 2192 233 2235 nos
265 2171 406 2235 dicamus
441 2179 618 2247 ‚Anhebung‚
648 2177 858 2246 Aufsohwung‘,
895 2172 1006 2253 itaque
1048 2171 1140 2235 initio
1175 2178 1244 2234 tan-

174 2286 243 2342 tum
267 2279 498 2342 sententiarum
523 2279 692 2342 convenire
709 2283 807 2359 atque
825 2276 1001 2361 epiphorae
1018 2299 1101 2359 quae
1119 2277 1243 2342 dicatur

174 2386 295 2468 figurae
320 2385 502 2469 oppositam
527 2405 610 2462 esse;
647 2390 816 2466 praeterea
851 2383 984 2448 eandem
1009 2385 1183 2468 postulare,
1206 2391 1244 2449 ut

174 2516 274 2575 unum
295 2493 446 2576 idemque
480 2493 612 2557 verbum
647 2492 738 2556 initio
773 2491 985 2574 complurium
1010 2495 1242 2557 sententiarum

173 2601 224 2665 vel
254 2601 428 2665 incisorum
461 2606 634 2683 repetatur,
682 2598 805 2664 Contra
838 2598 1129 2680 Naegelsbachium
1163 2599 1242 2666 nihil

175 2707 262 2772 aliud
285 2708 366 2772 velle
401 2708 461 2770 nisi
495 2729 533 2771 ea
567 2706 725 2771 enuntiati
758 2707 912 2788 membra,
949 2728 1031 2789 quae
1055 2707 1158 2789 logice
1182 2708 1242 2772 sibi

174 2815 400 2899 respondeant,
432 2817 479 2879 ita
507 2822 694 2897 comparata
726 2835 803 2898 esse,
832 2821 868 2877 ut
892 2813 1003 2879 ordine
1029 2836 1158 2898 quoque
1182 2816 1242 2879 sibi

175 2923 400 3008 respondeant.
457 2923 574 3004 ltaque
613 2921 693 2985 nihil
731 2942 862 3003 prorsus
902 2942 979 3004 esse,
1020 2943 1077 2985 cur
1116 2920 1243 2986 dicendi

173 3029 338 3114 propietas
375 3028 530 3094 eiusmodi
560 3029 727 3110 anaphora
762 3028 950 3112 appelletur,
974 3028 1070 3091 immo
1095 3029 1124 3093 si
1157 3027 1244 3111 quod

176 3158 291 3201 nomen
317 3137 434 3218 eligere
457 3136 610 3198 voluisset
626 3133 910 3217 Naegelsbachius,
935 3133 1116 3215 eligendum
1134 3133 1242 3210 fuisse,

176 3243 262 3326 quod
290 3265 349 3309 nos
382 3242 516 3306 dicimus
549 3248 823 3317 ,Parallelstellungt
871 3237 964 3317 Quae
997 3261 1016 3302 a
1047 3241 1113 3305 viro
1148 3240 1243 3305 docto

175 3352 295 3432 optime
338 3349 504 3432 disputata
545 3369 615 3413 esse
649 3347 862 3430 nusquisque,
898 3345 1026 3430 opinor,
1058 3347 1152 3412 facile
1185 3346 1245 3411 sibi

175 3457 393 3540 persuadebit.
456 3455 714 3538 Naegelsbachio
764 3455 862 3536 igitur
911 3454 1140 3536 praetermisso
1185 3474 1243 3517 nos

174 3566 337 3630 tuebimur
376 3562 563 3646 anaphoras
599 3564 761 3627 notionem
798 3569 836 3626 et·
865 3562 1025 3626 veteribus
1060 3568 1092 3626 et
1126 3561 1243 3626 nostris

174 3673 395 3756 grammaticis
421 3678 600 3756 acceptam.
627 3708 668 3717 —

264 3778 350 3862 Quid
368 3786 475 3842 autem
493 3777 612 3842 efficiat
628 3777 707 3840 haec
720 3777 832 3862 figura,
857 3800 939 3842 nova
952 3777 1077 3843 exsistit
1088 3776 1243 3859 quaestio

175 3887 319 3951 Primum
344 3888 442 3967 igitur
466 3885 599 3948 dubium
624 3907 686 3949 non
714 3892 770 3968 est,
806 3886 882 3968 quin
906 3885 1065 3949 rhetorico
1091 3882 1244 3948 orationis

248 4029 269 4100 ¹)
290 4031 325 4085 cf.
345 4031 404 4084 eius
426 4029 595 4093 stilisticam,
615 4028 657 4081 ed.
679 4027 713 4095 V,
733 4025 750 4097 ξ
773 4025 831 4094 166,
853 4030 912 4096 168,
933 4029 956 4081 l.

247 4118 270 4184 2)
290 4121 328 4173 rb.
349 4119 364 4189 s
390 4118 445 4181 ios,
466 4122 489 4170 a.

249 4208 270 4285 ³)
291 4208 402 4266 Bianor
420 4208 439 4261 f.
459 4208 528 4262 bair.
549 4206 813 4281 Gymnasialwesen,
833 4205 888 4275 ΙΙΙ,
908 4223 936 4280 p.
956 4205 1059 4278 atasq.
