2836 4846
599 459 819 517 ...39-

176 650 367 734 plerumque
400 649 483 714 effici
513 650 680 717 enuntiato
714 657 795 733 toto,
831 650 919 734 quod
942 673 1007 715 non
1030 653 1174 737 pendens
1199 654 1241 719 ab

176 758 240 821 alio
266 779 330 840 quo
354 757 495 823 sermoni
524 758 695 842 inseratur,
727 779 862 840 perraro
895 757 1064 823 uerborum
1097 760 1242 826 ordinem

177 872 209 930 et
233 872 417 930 contextum
439 865 487 929 ita
509 864 674 950 impedire,
698 871 734 929 ut
758 888 821 930 non
846 887 905 949 per
930 886 964 930 se
987 867 1058 948 ipsa
1082 869 1240 933 enuntiati

149 973 280 1049 ‘forma
302 973 536 1056 pronuntietur,
571 971 628 1036 sed
661 972 873 1054 appositionis
906 972 956 1036 vel
987 973 1133 1037 attributi
1156 974 1241 1039 inso-

175 1079 279 1144 lenter
312 1079 429 1144 adiecti
462 1080 561 1143 vicem
596 1078 750 1150 obtineat.
799 1079 839 1149 Ε,
873 1101 901 1160 g,
927 1077 1059 1144 adfero:
1091 1085 1119 1162 l,
1145 1085 1196 1166 37,
1222 1087 1240 1146 5

176 1188 297 1270 ,spoliis
322 1187 463 1251 hostium
491 1224 534 1234 -
566 1185 600 1263 id
633 1192 741 1250 votum
767 1186 915 1252 Vulcano
949 1194 1020 1251 erat
1053 1189 1242 1271 -ingenti

128 1306 132 1311 '
177 1294 302 1359 cumulo
337 1294 480 1358 accensis
513 1293 638 1376 pergit‘.
692 1296 721 1375 9,
754 1297 811 1371 44,
848 1299 867 1357 9
900 1296 1024 1380 ‚consul
1056 1301 1093 1358 ut
1124 1295 1242 1360 stativa

176 1408 247 1466 tuta
280 1402 475 1485 copiosaque
506 1439 551 1448 -
584 1406 616 1464 et
647 1401 694 1464 ita
729 1407 822 1464 erant
847 1439 886 1448 -
912 1404 1031 1485 petisse
1059 1401 1241 1474 videretur}

177 1513 228 1590 24,
266 1514 317 1593 33,
351 1514 369 1572 3
403 1530 485 1592 ,cum
518 1507 686 1572 Romanus
720 1508 878 1572 exereitus
911 1507 953 1572 ad
985 1507 1169 1592 Olympium
1200 1549 1241 1558 -

176 1617 261 1681 lovis
294 1617 328 1680 id
360 1616 515 1698 templum
547 1621 597 1678 est
628 1653 671 1662 -
703 1614 788 1678 mille
820 1621 852 1678 et
883 1614 915 1678 D
948 1637 1064 1699 passus
1099 1617 1139 1681 ab
1162 1616 1241 1682 urbe

176 1731 283 1788 rastra
306 1723 434 1807 posuit‘.
472 1725 524 1802 27,
553 1726 602 1804 16,
627 1726 646 1784 8
665 1719 753 1802 ,quid
769 1720 839 1785 fieri
863 1722 962 1803 signis
985 1722 1081 1787 uellet
1103 1724 1240 1805 ingentis

176 1831 406 1914 magnitudinis
434 1867 470 1875 -
498 1829 531 1892 di
556 1835 640 1909 sunt,
671 1848 728 1891 suo
755 1827 892 1910 quisque
920 1828 1033 1894 habitu
1061 1831 1092 1892 in
1109 1830 1240 1895 modum

175 1940 387 2023 pugnantium
420 1936 549 2001 formati
576 1972 629 2017 —,
664 1935 743 1999 deos
766 1937 869 2000 iratos
897 1935 1081 2001 Tarentinis
1104 1938 1241 2022 relinqui

175 2047 287 2114 iussit‘,
314 2049 367 2127 32,
397 2048 446 2126 11,
472 2047 491 2110 9
517 2049 622 2125 ,nocte
644 2044 761 2107 itinera
785 2041 855 2107 fieri
878 2043 968 2108 iubet
995 2083 1038 2091 —
1064 2051 1097 2109 et
1117 2066 1241 2128 pernox

175 2153 258 2218 lorte
299 2152 377 2216 luna
419 2159 488 2217 erat
520 2175 578 2236 -3
610 2149 750 2214 interdiu
792 2151 853 2215 cibi
887 2151 1067 2234 quietisque
1100 2160 1241 2217 sumeret

175 2262 325 2344 tempus‘.
372 2260 425 2340 35,
450 2261 503 2339 34,
530 2259 549 2322 2
574 2278 642 2340 ,per
666 2257 831 2340 apocletos
856 2265 963 2323 autem
988 2297 1032 2306 —-
1059 2261 1106 2324 ita
1126 2267 1241 2325 vocant

177 2368 319 2431 sanctius
355 2364 531 2446 consilium,
569 2385 608 2428 ex
641 2363 773 2428 delectis
803 2371 929 2429 constat
953 2366 1026 2430 viris
1052 2367 1150 2430 --id
1175 2369 1241 2451 agi-

176 2475 310 2538 tabant!
374 2478 427 2555 42,
462 2478 513 2554 53,
541 2478 558 2536 6
595 2470 772 2553 ,descendit
806 2472 847 2535 ad
880 2472 1033 2553 Azorum,
1076 2474 1238 2559 Pythium,

176 2581 334 2646 Dolichen
369 2619 407 2628 -
444 2579 600 2662 Tripolim
632 2586 748 2644 uocant
779 2579 977 2645 incolentes‘.
1037 2582 1100 2648 Hic
1132 2591 1240 2649 autem

175 2696 244 2752 tom
269 2688 397 2752 demum
420 2686 624 2770 parenthesis
646 2685 778 2766 exsistit,
797 2708 869 2750 cum
886 2687 1031 2751 codicum
1048 2691 1239 2756 auctoritate

174 2796 234 2860 nisi
266 2796 364 2860 verba
399 2795 566 2879 ,Tripolim
590 2800 707 2858 vocant
729 2794 917 2858 incolentes‘
940 2802 1016 2879 post
1038 2818 1149 2861 vocem
1175 2799 1239 2879 ,de-

176 2903 310 2968 seendit
343 2904 522 2982 inserimus,
558 2900 645 2984 quod
687 2900 756 2964 fieri
802 2923 898 2985 posse
927 2903 1238 2989 Weissenborniusl)

175 3019 287 3093 negat3
313 3010 400 3074 haud
424 3010 490 3073 scio
515 3029 556 3072 an
579 3008 705 3078 iniuria,
730 3045 774 3053 —
790 3007 868 3072 Alia
897 3031 1083 3075 enumerare
1108 3012 1239 3093 longum

176 3125 240 3197 est;
268 3125 397 3181 transeo
421 3117 519 3198 igitur
543 3116 584 3180 ad
608 3117 764 3179 rariorem
792 3137 895 3198 nsum,
921 3118 1010 3183 cuius
1034 3120 1114 3184 haec
1139 3119 1238 3184 docu-

174 3231 282 3288 mento
307 3230 381 3288 seint
405 3224 564 3305 exempla:
598 3229 628 3304 8,
663 3225 713 3303 17,
752 3227 791 3286 10
821 3244 870 3306 ,00
895 3226 1068 3292 certamine
1093 3229 1239 3310 superior

174 3331 370 3413 Alexander,
395 3333 552 3396 incertum
577 3352 641 3414 qua
664 3330 728 3395 fide
753 3332 907 3413 culturus,
934 3333 960 3396 si
983 3333 1116 3415 perinde
1133 3340 1240 3398 cetera

173 3440 415 3523 processissent,
448 3460 561 3524 pacem
595 3460 666 3502 cum
699 3439 855 3504 Romanis
888 3438 985 3510 feeit‘,
1042 3443 1095 3520 31,
1129 3444 1182 3522 41,
1219 3445 1237 3505 2

145 3553 147 3557 ”
174 3547 370 3630 ,clauserant
395 3555 516 3631 portas,
541 3549 697 3611 incertum
722 3547 752 3611 ui
776 3568 816 3611 an
832 3546 1006 3628 voluntate,
1024 3547 1099 3628 quia
1114 3548 1238 3628 regium

173 3653 339 3718 habebant
362 3654 580 3737 praesidium,
615 3661 644 3735 9,
669 3657 722 3733 41,
750 3659 790 3717 18
816 3673 890 3733 ,101
914 3659 1078 3735 tamquam
1103 3654 1260 3737 1111101Ι

69 3810 77 3819 .
173 3768 230 3825 aut
254 3769 398 3827 armatos
422 3762 604 3833 incurrunt:
629 3760 789 3825 mirabilia
806 3759 903 3841 dictu,
930 3761 1021 3840 signa
1037 3761 1138 3843 primo
1157 3762 1237 3845 eripi

175 3877 290 3953 coepta
315 3869 487 3951 signiferis,
513 3869 628 3933 deinde
651 3869 714 3950 ipsi
731 3866 874 3949 signiferi
890 3868 976 3930 trahi
993 3866 1035 3930 ad
1053 3868 1237 3938 eonsulem‘.

173 3980 227 4057 40,
265 3981 315 4061 14,
351 3983 369 4042 2
401 3999 475 4060 ¹,quo
510 3978 584 4043 lusu
619 3975 708 4062 apud
739 3997 789 4039 me
823 3973 1020 4039 celebratum
1051 3974 1237 4039 hesternum

174 4083 352 4149 convivium
385 4087 436 4166 sit,
469 4084 524 4149 illo
559 4085 656 4150 etiam
690 4121 731 4130 -
755 4104 854 4168 pravo
888 4082 1023 4149 forsitan
1053 4121 1094 4130 -
1118 4082 1236 4166 gaudio

173 4191 388 4274 provehente‘.
412 4229 452 4240 -

244 4405 266 4477 ¹)
286 4407 315 4459 in
335 4406 430 4461 adnot.
451 4406 533 4461 adh.
553 4407 571 4460 l.
592 4406 645 4477 (ed.
664 4405 760 4477 prim.)
