<?xml version="1.0" encoding="UTF-8"?>
<!DOCTYPE html PUBLIC "-//W3C//DTD XHTML 1.0 Transitional//EN"
    "http://www.w3.org/TR/xhtml1/DTD/xhtml1-transitional.dtd">
<html xmlns="http://www.w3.org/1999/xhtml" xml:lang="en" lang="en">
 <head>
  <title>
</title>
<meta http-equiv="Content-Type" content="text/html;charset=utf-8" />
  <meta name='ocr-system' content='tesseract 3.04.00' />
  <meta name='ocr-capabilities' content='ocr_page ocr_carea ocr_par ocr_line ocrx_word'/>
</head>
<body>
  <div class='ocr_page' id='page_1' title='image "./dicendigenustac00petzgoog_0045.png"; bbox 0 0 2836 4846; ppageno 0'>
   <div class='ocr_carea' id='block_1_1' title="bbox 582 278 795 338">
    <p class='ocr_par' dir='ltr' id='par_1_1' title="bbox 582 278 795 338">
     <span class='ocr_line' id='line_1_1' title="bbox 582 278 795 338; baseline 0.009 -17"><span class='ocrx_word' id='word_1_1' title='bbox 582 278 713 338; x_wconf 83' lang='lat'><strong>.-40</strong></span> <span class='ocrx_word' id='word_1_2' title='bbox 760 311 795 323; x_wconf 81' lang='grc'><strong>-</strong></span> 
     </span>
    </p>
   </div>
   <div class='ocr_carea' id='block_1_2' title="bbox 84 468 1233 3767">
    <p class='ocr_par' dir='ltr' id='par_1_2' title="bbox 84 468 1233 3767">
     <span class='ocr_line' id='line_1_2' title="bbox 248 468 1227 553; baseline 0.003 -18"><span class='ocrx_word' id='word_1_3' title='bbox 248 468 352 535; x_wconf 83' lang='lat' dir='ltr'>Plane</span> <span class='ocrx_word' id='word_1_4' title='bbox 385 469 512 534; x_wconf 81' lang='lat' dir='ltr'><strong>inversa</strong></span> <span class='ocrx_word' id='word_1_5' title='bbox 543 490 595 535; x_wconf 92' lang='lat' dir='ltr'><strong>res</strong></span> <span class='ocrx_word' id='word_1_6' title='bbox 629 476 678 536; x_wconf 89' lang='lat' dir='ltr'><strong>est</strong></span> <span class='ocrx_word' id='word_1_7' title='bbox 710 469 797 553; x_wconf 91' lang='lat' dir='ltr'><strong>apud</strong></span> <span class='ocrx_word' id='word_1_8' title='bbox 821 470 980 543; x_wconf 79' lang='lat' dir='ltr'><strong>Tacitum.</strong></span> <span class='ocrx_word' id='word_1_9' title='bbox 1028 471 1114 538; x_wconf 79' lang='lat' dir='ltr'><strong>Tota</strong></span> <span class='ocrx_word' id='word_1_10' title='bbox 1142 473 1227 538; x_wconf 92' lang='lat' dir='ltr'><strong>enim</strong></span> 
     </span>
     <span class='ocr_line' id='line_1_3' title="bbox 159 577 1225 662; baseline 0.002 -19"><span class='ocrx_word' id='word_1_11' title='bbox 159 578 327 643; x_wconf 90' lang='lat' dir='ltr'><strong>enuntiata</strong></span> <span class='ocrx_word' id='word_1_12' title='bbox 358 578 560 662; x_wconf 80' lang='lat' dir='ltr'><strong>paucissimis</strong></span> <span class='ocrx_word' id='word_1_13' title='bbox 592 578 672 643; x_wconf 90' lang='lat' dir='ltr'><strong>locis</strong></span> <span class='ocrx_word' id='word_1_14' title='bbox 704 579 919 662; x_wconf 86' lang='lat' dir='ltr'><strong>reperiuntur,</strong></span> <span class='ocrx_word' id='word_1_15' title='bbox 954 577 1042 644; x_wconf 87' lang='lat' dir='ltr'><strong>velut</strong></span> <span class='ocrx_word' id='word_1_16' title='bbox 1072 579 1160 644; x_wconf 88' lang='lat' dir='ltr'><strong>Hist.</strong></span> <span class='ocrx_word' id='word_1_17' title='bbox 1196 582 1225 662; x_wconf 83' lang='lat'><strong>2,</strong></span> 
     </span>
     <span class='ocr_line' id='line_1_4' title="bbox 160 682 1226 770; baseline 0 -21"><span class='ocrx_word' id='word_1_18' title='bbox 160 688 213 766; x_wconf 90' lang='grc'><strong>76,</strong></span> <span class='ocrx_word' id='word_1_19' title='bbox 239 689 280 748; x_wconf 78' lang='lat'><strong>20</strong></span> <span class='ocrx_word' id='word_1_20' title='bbox 306 705 359 767; x_wconf 91' lang='lat' dir='ltr'><strong>,an</strong></span> <span class='ocrx_word' id='word_1_21' title='bbox 391 682 511 749; x_wconf 81' lang='lat' dir='ltr'><strong>excidit</strong></span> <span class='ocrx_word' id='word_1_22' title='bbox 544 685 725 751; x_wconf 89' lang='lat' dir='ltr'><strong>trucidatus</strong></span> <span class='ocrx_word' id='word_1_23' title='bbox 751 684 916 754; x_wconf 79' lang='lat' dir='ltr'><strong>Corbulo?</strong></span> <span class='ocrx_word' id='word_1_24' title='bbox 941 685 1141 770; x_wconf 81' lang='lat' dir='ltr'><strong>splendidior</strong></span> <span class='ocrx_word' id='word_1_25' title='bbox 1164 686 1226 751; x_wconf 90' lang='lat' dir='ltr'><strong>ori-</strong></span> 
     </span>
     <span class='ocr_line' id='line_1_5' title="bbox 159 791 1227 879; baseline 0.003 -24"><span class='ocrx_word' id='word_1_26' title='bbox 159 792 272 879; x_wconf 85' lang='lat' dir='ltr'><strong>gine¹)‚</strong></span> <span class='ocrx_word' id='word_1_27' title='bbox 308 813 406 874; x_wconf 88' lang='lat' dir='ltr'><strong>quam</strong></span> <span class='ocrx_word' id='word_1_28' title='bbox 437 813 495 856; x_wconf 89' lang='lat' dir='ltr'><strong>uos</strong></span> <span class='ocrx_word' id='word_1_29' title='bbox 520 813 640 874; x_wconf 89' lang='lat' dir='ltr'><strong>sumus,</strong></span> <span class='ocrx_word' id='word_1_30' title='bbox 665 792 779 876; x_wconf 88' lang='lat' dir='ltr'><strong>fateor,</strong></span> <span class='ocrx_word' id='word_1_31' title='bbox 811 791 868 857; x_wconf 89' lang='lat' dir='ltr'><strong>sed</strong></span> <span class='ocrx_word' id='word_1_32' title='bbox 893 800 925 857; x_wconf 92' lang='lat' dir='ltr'><strong>et</strong></span> <span class='ocrx_word' id='word_1_33' title='bbox 947 792 1036 858; x_wconf 90' lang='lat' dir='ltr'><strong>Nero</strong></span> <span class='ocrx_word' id='word_1_34' title='bbox 1060 793 1227 858; x_wconf 87' lang='lat' dir='ltr'><strong>nobilitate</strong></span> 
     </span>
     <span class='ocr_line' id='line_1_6' title="bbox 159 898 1226 970; baseline 0.001 -6"><span class='ocrx_word' id='word_1_35' title='bbox 159 898 316 964; x_wconf 87' lang='lat' dir='ltr'><strong>natalium</strong></span> <span class='ocrx_word' id='word_1_36' title='bbox 339 899 506 966; x_wconf 87' lang='lat' dir='ltr'><strong>Vitellium</strong></span> <span class='ocrx_word' id='word_1_37' title='bbox 529 899 694 970; x_wconf 64' lang='lat' dir='ltr'><strong>anteibat!</strong></span> <span class='ocrx_word' id='word_1_38' title='bbox 733 899 787 967; x_wconf 83' lang='lat' dir='ltr'><strong>Sic</strong></span> <span class='ocrx_word' id='word_1_39' title='bbox 811 921 883 964; x_wconf 90' lang='lat' dir='ltr'><strong>cum</strong></span> <span class='ocrx_word' id='word_1_40' title='bbox 898 898 1030 964; x_wconf 89' lang='lat' dir='ltr'><strong>Heraeo</strong></span> <span class='ocrx_word' id='word_1_41' title='bbox 1048 906 1080 965; x_wconf 87' lang='lat' dir='ltr'><strong>et</strong></span> <span class='ocrx_word' id='word_1_42' title='bbox 1095 900 1226 965; x_wconf 88' lang='lat' dir='ltr'><strong>Halmio</strong></span> 
     </span>
     <span class='ocr_line' id='line_1_7' title="bbox 158 1005 1228 1091; baseline 0.001 -20"><span class='ocrx_word' id='word_1_43' title='bbox 158 1006 264 1090; x_wconf 89' lang='lat' dir='ltr'><strong>legere</strong></span> <span class='ocrx_word' id='word_1_44' title='bbox 282 1007 392 1070; x_wconf 89' lang='lat' dir='ltr'><strong>malim</strong></span> <span class='ocrx_word' id='word_1_45' title='bbox 406 1007 635 1091; x_wconf 87' lang='lat' dir='ltr'><strong>praetermisso</strong></span> <span class='ocrx_word' id='word_1_46' title='bbox 648 1006 802 1072; x_wconf 85' lang='lat' dir='ltr'><strong>vocabulo</strong></span> <span class='ocrx_word' id='word_1_47' title='bbox 826 1007 885 1089; x_wconf 88' lang='lat' dir='ltr'><strong>,is‘,</strong></span> <span class='ocrx_word' id='word_1_48' title='bbox 903 1007 979 1088; x_wconf 89' lang='lat' dir='ltr'><strong>quia</strong></span> <span class='ocrx_word' id='word_1_49' title='bbox 990 1007 1023 1070; x_wconf 88' lang='lat' dir='ltr'><strong>in</strong></span> <span class='ocrx_word' id='word_1_50' title='bbox 1037 1005 1146 1071; x_wconf 89' lang='lat' dir='ltr'><strong>codice</strong></span> <span class='ocrx_word' id='word_1_51' title='bbox 1158 1006 1196 1071; x_wconf 91' lang='lat' dir='ltr'>M</span> <span class='ocrx_word' id='word_1_52' title='bbox 1198 1029 1228 1072; x_wconf 90' lang='lat' dir='ltr'><strong>e·</strong></span> 
     </span>
     <span class='ocr_line' id='line_1_8' title="bbox 96 1112 1227 1197; baseline 0.001 -21"><span class='ocrx_word' id='word_1_53' title='bbox 96 1112 100 1119; x_wconf 88' lang='grc'><strong>’</strong></span> <span class='ocrx_word' id='word_1_54' title='bbox 160 1113 249 1178; x_wconf 90' lang='lat' dir='ltr'><strong>diceo</strong></span> <span class='ocrx_word' id='word_1_55' title='bbox 275 1113 444 1178; x_wconf 74' lang='lat' dir='ltr'><strong>exhibetur</strong></span> <span class='ocrx_word' id='word_1_56' title='bbox 469 1112 655 1197; x_wconf 90' lang='lat' dir='ltr'><strong>,splendior‘</strong></span> <span class='ocrx_word' id='word_1_57' title='bbox 681 1119 861 1178; x_wconf 88' lang='lat' dir='ltr'><strong>correctum</strong></span> <span class='ocrx_word' id='word_1_58' title='bbox 885 1112 1130 1197; x_wconf 78' lang='lat' dir='ltr'><strong>e‚splendi0ri‘;</strong></span> <span class='ocrx_word' id='word_1_59' title='bbox 1153 1135 1227 1178; x_wconf 90' lang='lat' dir='ltr'><strong>nam</strong></span> 
     </span>
     <span class='ocr_line' id='line_1_9' title="bbox 84 1218 1229 1304; baseline 0.002 -20"><span class='ocrx_word' id='word_1_60' title='bbox 84 1260 87 1269; x_wconf 86' lang='lat'>·</span> <span class='ocrx_word' id='word_1_61' title='bbox 160 1220 238 1285; x_wconf 93' lang='lat' dir='ltr'><strong>mihi</strong></span> <span class='ocrx_word' id='word_1_62' title='bbox 263 1242 391 1304; x_wconf 90' lang='lat' dir='ltr'><strong>quoque</strong></span> <span class='ocrx_word' id='word_1_63' title='bbox 416 1242 455 1284; x_wconf 89' lang='lat' dir='ltr'><strong>ex</strong></span> <span class='ocrx_word' id='word_1_64' title='bbox 471 1218 691 1303; x_wconf 86' lang='lat' dir='ltr'><strong>dittographia</strong></span> <span class='ocrx_word' id='word_1_65' title='bbox 706 1219 833 1284; x_wconf 83' lang='lat' dir='ltr'><strong>facilius</strong></span> <span class='ocrx_word' id='word_1_66' title='bbox 848 1218 975 1285; x_wconf 81' lang='lat' dir='ltr'><strong>ridetur</strong></span> <span class='ocrx_word' id='word_1_67' title='bbox 992 1221 1070 1286; x_wconf 91' lang='lat' dir='ltr'><strong>oriri</strong></span> <span class='ocrx_word' id='word_1_68' title='bbox 1085 1222 1229 1304; x_wconf 86' lang='lat' dir='ltr'><strong>potuisse</strong></span> 
     </span>
     <span class='ocr_line' id='line_1_10' title="bbox 159 1325 1229 1412; baseline 0 -20"><span class='ocrx_word' id='word_1_69' title='bbox 159 1329 253 1392; x_wconf 88' lang='lat' dir='ltr'><strong>lectio</strong></span> <span class='ocrx_word' id='word_1_70' title='bbox 276 1329 383 1412; x_wconf 89' lang='lat' dir='ltr'><strong>prima</strong></span> <span class='ocrx_word' id='word_1_71' title='bbox 406 1326 526 1392; x_wconf 88' lang='lat' dir='ltr'><strong>codicis</strong></span> <span class='ocrx_word' id='word_1_72' title='bbox 550 1325 700 1408; x_wconf 91' lang='lat' dir='ltr'><strong>Medicei,</strong></span> <span class='ocrx_word' id='word_1_73' title='bbox 727 1347 824 1408; x_wconf 90' lang='lat' dir='ltr'><strong>quam</strong></span> <span class='ocrx_word' id='word_1_74' title='bbox 847 1325 957 1391; x_wconf 88' lang='lat' dir='ltr'><strong>littera</strong></span> <span class='ocrx_word' id='word_1_75' title='bbox 985 1332 1022 1410; x_wconf 89' lang='lat' dir='ltr'><strong>,s‘</strong></span> <span class='ocrx_word' id='word_1_76' title='bbox 1046 1328 1080 1392; x_wconf 91' lang='lat' dir='ltr'><strong>in</strong></span> <span class='ocrx_word' id='word_1_77' title='bbox 1105 1335 1229 1392; x_wconf 91' lang='lat' dir='ltr'><strong>textum</strong></span> 
     </span>
     <span class='ocr_line' id='line_1_11' title="bbox 158 1432 1226 1517; baseline -0.001 -18"><span class='ocrx_word' id='word_1_78' title='bbox 158 1434 327 1500; x_wconf 88' lang='lat' dir='ltr'><strong>inferenda</strong></span> <span class='ocrx_word' id='word_1_79' title='bbox 356 1456 438 1516; x_wconf 87' lang='lat' dir='ltr'><strong>esse,</strong></span> <span class='ocrx_word' id='word_1_80' title='bbox 476 1432 564 1517; x_wconf 92' lang='lat' dir='ltr'><strong>quod</strong></span> <span class='ocrx_word' id='word_1_81' title='bbox 590 1432 871 1497; x_wconf 88' lang='lat' dir='ltr'><strong>Weissenbornius</strong></span> <span class='ocrx_word' id='word_1_82' title='bbox 908 1434 1081 1505; x_wconf 82' lang='lat' dir='ltr'><strong>contendit,</strong></span> <span class='ocrx_word' id='word_1_83' title='bbox 1139 1435 1226 1499; x_wconf 89' lang='lat' dir='ltr'><strong>Hist.</strong></span> 
     </span>
     <span class='ocr_line' id='line_1_12' title="bbox 161 1539 1227 1629; baseline -0.001 -23"><span class='ocrx_word' id='word_1_84' title='bbox 161 1546 190 1623; x_wconf 92' lang='grc'><strong>5,</strong></span> <span class='ocrx_word' id='word_1_85' title='bbox 217 1547 268 1625; x_wconf 95' lang='grc'><strong>17,</strong></span> <span class='ocrx_word' id='word_1_86' title='bbox 296 1547 335 1606; x_wconf 89' lang='grc'><strong>13</strong></span> <span class='ocrx_word' id='word_1_87' title='bbox 361 1540 426 1624; x_wconf 90' lang='lat' dir='ltr'><strong>,ubi</strong></span> <span class='ocrx_word' id='word_1_88' title='bbox 450 1561 528 1605; x_wconf 90' lang='lat' dir='ltr'><strong>sono</strong></span> <span class='ocrx_word' id='word_1_89' title='bbox 553 1559 717 1604; x_wconf 87' lang='lat' dir='ltr'><strong>armorum</strong></span> <span class='ocrx_word' id='word_1_90' title='bbox 740 1539 953 1623; x_wconf 82' lang='lat' dir='ltr'><strong>tripudiisque</strong></span> <span class='ocrx_word' id='word_1_91' title='bbox 978 1539 1037 1626; x_wconf 87' lang='lat' dir='ltr'><strong>(ita</strong></span> <span class='ocrx_word' id='word_1_92' title='bbox 1060 1541 1121 1605; x_wconf 93' lang='lat' dir='ltr'><strong>illis</strong></span> <span class='ocrx_word' id='word_1_93' title='bbox 1146 1542 1227 1629; x_wconf 90' lang='lat' dir='ltr'><strong>mos)</strong></span> 
     </span>
     <span class='ocr_line' id='line_1_13' title="bbox 105 1643 1228 1733; baseline -0.001 -19"><span class='ocrx_word' id='word_1_94' title='bbox 105 1657 108 1668; x_wconf 93' lang='lat'>&#39;</span> <span class='ocrx_word' id='word_1_95' title='bbox 160 1649 341 1733; x_wconf 90' lang='lat' dir='ltr'><strong>adprobata</strong></span> <span class='ocrx_word' id='word_1_96' title='bbox 374 1653 449 1712; x_wconf 88' lang='lat' dir='ltr'><strong>sunt</strong></span> <span class='ocrx_word' id='word_1_97' title='bbox 480 1646 586 1717; x_wconf 84' lang='lat' dir='ltr'><strong>diota‘</strong></span> <span class='ocrx_word' id='word_1_98' title='bbox 635 1643 740 1728; x_wconf 80' lang='lat' dir='ltr'><strong>Quam</strong></span> <span class='ocrx_word' id='word_1_99' title='bbox 765 1648 913 1712; x_wconf 87' lang='lat' dir='ltr'><strong>Heraeus</strong></span> <span class='ocrx_word' id='word_1_100' title='bbox 938 1649 1024 1713; x_wconf 89' lang='lat' dir='ltr'><strong>Hist.</strong></span> <span class='ocrx_word' id='word_1_101' title='bbox 1051 1652 1081 1730; x_wconf 84' lang='lat'><strong>4,</strong></span> <span class='ocrx_word' id='word_1_102' title='bbox 1108 1651 1160 1731; x_wconf 81' lang='lat'><strong>12,</strong></span> <span class='ocrx_word' id='word_1_103' title='bbox 1188 1653 1228 1714; x_wconf 89' lang='grc'><strong>10</strong></span> 
     </span>
     <span class='ocr_line' id='line_1_14' title="bbox 160 1754 1229 1840; baseline 0 -21"><span class='ocrx_word' id='word_1_104' title='bbox 160 1756 319 1840; x_wconf 88' lang='lat' dir='ltr'><strong>particula</strong></span> <span class='ocrx_word' id='word_1_105' title='bbox 353 1754 411 1836; x_wconf 82' lang='lat' dir='ltr'><strong>,ve‘</strong></span> <span class='ocrx_word' id='word_1_106' title='bbox 442 1754 637 1835; x_wconf 88' lang='lat' dir='ltr'><strong>interposita</strong></span> <span class='ocrx_word' id='word_1_107' title='bbox 668 1755 783 1819; x_wconf 84' lang='lat' dir='ltr'><strong>statuit</strong></span> <span class='ocrx_word' id='word_1_108' title='bbox 815 1754 1043 1838; x_wconf 87' lang='lat' dir='ltr'><strong>parenthesim,</strong></span> <span class='ocrx_word' id='word_1_109' title='bbox 1079 1777 1117 1820; x_wconf 91' lang='lat' dir='ltr'><strong>ea</strong></span> <span class='ocrx_word' id='word_1_110' title='bbox 1150 1755 1229 1821; x_wconf 91' lang='lat' dir='ltr'><strong>mihi</strong></span> 
     </span>
     <span class='ocr_line' id='line_1_15' title="bbox 159 1861 1228 1944; baseline 0.001 -17"><span class='ocrx_word' id='word_1_111' title='bbox 159 1863 287 1928; x_wconf 87' lang='lat' dir='ltr'><strong>videtur</strong></span> <span class='ocrx_word' id='word_1_112' title='bbox 328 1862 456 1925; x_wconf 91' lang='lat' dir='ltr'><strong>minime</strong></span> <span class='ocrx_word' id='word_1_113' title='bbox 496 1861 693 1941; x_wconf 72' lang='lat' dir='ltr'><strong>necessaria,</strong></span> <span class='ocrx_word' id='word_1_114' title='bbox 733 1864 851 1927; x_wconf 88' lang='lat' dir='ltr'><strong>etenim</strong></span> <span class='ocrx_word' id='word_1_115' title='bbox 885 1884 968 1944; x_wconf 88' lang='lat' dir='ltr'><strong>quae</strong></span> <span class='ocrx_word' id='word_1_116' title='bbox 997 1863 1030 1926; x_wconf 91' lang='lat' dir='ltr'><strong>in</strong></span> <span class='ocrx_word' id='word_1_117' title='bbox 1064 1862 1228 1928; x_wconf 87' lang='lat' dir='ltr'><strong>codicibus</strong></span> 
     </span>
     <span class='ocr_line' id='line_1_16' title="bbox 160 1965 1228 2053; baseline 0.005 -18"><span class='ocrx_word' id='word_1_118' title='bbox 160 1969 344 2050; x_wconf 89' lang='lat' dir='ltr'><strong>traduntur,</strong></span> <span class='ocrx_word' id='word_1_119' title='bbox 389 1968 468 2033; x_wconf 86' lang='lat' dir='ltr'><strong>satis</strong></span> <span class='ocrx_word' id='word_1_120' title='bbox 510 1965 651 2030; x_wconf 88' lang='lat' dir='ltr'><strong>dilucide</strong></span> <span class='ocrx_word' id='word_1_121' title='bbox 686 1975 718 2031; x_wconf 88' lang='lat' dir='ltr'><strong>et</strong></span> <span class='ocrx_word' id='word_1_122' title='bbox 760 1975 836 2053; x_wconf 87' lang='lat' dir='ltr'><strong>apte</strong></span> <span class='ocrx_word' id='word_1_123' title='bbox 870 1990 965 2032; x_wconf 91' lang='lat' dir='ltr'><strong>sensu</strong></span> <span class='ocrx_word' id='word_1_124' title='bbox 997 1980 1111 2034; x_wconf 86' lang='lat' dir='ltr'><strong>ornata</strong></span> <span class='ocrx_word' id='word_1_125' title='bbox 1144 1977 1228 2040; x_wconf 87' lang='lat' dir='ltr'><strong>sunt.</strong></span> 
     </span>
     <span class='ocr_line' id='line_1_17' title="bbox 159 2075 1228 2162; baseline -0.001 -20"><span class='ocrx_word' id='word_1_126' title='bbox 159 2076 276 2162; x_wconf 88' lang='lat' dir='ltr'><strong>Neque</strong></span> <span class='ocrx_word' id='word_1_127' title='bbox 299 2077 402 2158; x_wconf 90' lang='lat' dir='ltr'><strong>magis</strong></span> <span class='ocrx_word' id='word_1_128' title='bbox 427 2075 642 2139; x_wconf 88' lang='lat' dir='ltr'><strong>necessarium</strong></span> <span class='ocrx_word' id='word_1_129' title='bbox 664 2079 721 2158; x_wconf 84' lang='lat' dir='ltr'><strong>est,</strong></span> <span class='ocrx_word' id='word_1_130' title='bbox 748 2076 890 2156; x_wconf 89' lang='lat' dir='ltr'><strong>quamvis</strong></span> <span class='ocrx_word' id='word_1_131' title='bbox 907 2075 949 2139; x_wconf 90' lang='lat' dir='ltr'><strong>ad</strong></span> <span class='ocrx_word' id='word_1_132' title='bbox 967 2096 1096 2140; x_wconf 90' lang='lat' dir='ltr'><strong>sensum</strong></span> <span class='ocrx_word' id='word_1_133' title='bbox 1114 2083 1228 2158; x_wconf 88' lang='lat' dir='ltr'><strong>aptum</strong></span> 
     </span>
     <span class='ocr_line' id='line_1_18' title="bbox 161 2179 1229 2268; baseline -0.001 -19"><span class='ocrx_word' id='word_1_134' title='bbox 161 2185 261 2266; x_wconf 87' lang='lat' dir='ltr'><strong>foret,</strong></span> <span class='ocrx_word' id='word_1_135' title='bbox 310 2182 397 2266; x_wconf 83' lang='lat' dir='ltr'><strong>quo&#39;d</strong></span> <span class='ocrx_word' id='word_1_136' title='bbox 437 2181 481 2254; x_wconf 83' lang='grc' dir='ltr'><strong>Η,</strong></span> <span class='ocrx_word' id='word_1_137' title='bbox 521 2179 677 2246; x_wconf 77' lang='lat' dir='ltr'><strong>&#39;Picdkius</strong></span> <span class='ocrx_word' id='word_1_138' title='bbox 718 2182 883 2268; x_wconf 77' lang='lat' dir='ltr'><strong>coniecit2)</strong></span> <span class='ocrx_word' id='word_1_139' title='bbox 923 2204 1060 2265; x_wconf 87' lang='lat' dir='ltr'><strong>eumque</strong></span> <span class='ocrx_word' id='word_1_140' title='bbox 1099 2190 1229 2248; x_wconf 88' lang='lat' dir='ltr'><strong>secutus</strong></span> 
     </span>
     <span class='ocr_line' id='line_1_19' title="bbox 161 2288 1231 2374; baseline -0.005 -17"><span class='ocrx_word' id='word_1_141' title='bbox 161 2293 311 2357; x_wconf 90' lang='lat' dir='ltr'><strong>Halmius</strong></span> <span class='ocrx_word' id='word_1_142' title='bbox 345 2291 480 2372; x_wconf 85' lang='lat' dir='ltr'><strong>recepit:</strong></span> <span class='ocrx_word' id='word_1_143' title='bbox 515 2308 585 2371; x_wconf 89' lang='lat' dir='ltr'><strong>,nec</strong></span> <span class='ocrx_word' id='word_1_144' title='bbox 618 2289 732 2372; x_wconf 90' lang='lat' dir='ltr'><strong>opibus</strong></span> <span class='ocrx_word' id='word_1_145' title='bbox 766 2288 887 2374; x_wconf 84' lang='lat' dir='ltr'><strong>(rarum</strong></span> <span class='ocrx_word' id='word_1_146' title='bbox 920 2292 953 2354; x_wconf 92' lang='lat' dir='ltr'><strong>in</strong></span> <span class='ocrx_word' id='word_1_147' title='bbox 977 2289 1231 2355; x_wconf 72' lang='lat' dir='ltr'><strong>societatemn-</strong></span> 
     </span>
     <span class='ocr_line' id='line_1_20' title="bbox 163 2397 1230 2481; baseline -0.004 -18"><span class='ocrx_word' id='word_1_148' title='bbox 163 2399 302 2481; x_wconf 81' lang='lat' dir='ltr'><strong>diorum)</strong></span> <span class='ocrx_word' id='word_1_149' title='bbox 319 2398 449 2472; x_wconf 79' lang='lat' dir='ltr'><strong>adtritis</strong></span> <span class='ocrx_word' id='word_1_150' title='bbox 465 2397 550 2459; x_wconf 90' lang='lat' dir='ltr'><strong>viros</strong></span> <span class='ocrx_word' id='word_1_151' title='bbox 567 2400 695 2458; x_wconf 85' lang='lat' dir='ltr'><strong>tantum</strong></span> <span class='ocrx_word' id='word_1_152' title='bbox 713 2416 867 2480; x_wconf 84' lang='lat' dir='ltr'><strong>armaque</strong></span> <span class='ocrx_word' id='word_1_153' title='bbox 879 2398 1012 2480; x_wconf 91' lang='lat' dir='ltr'><strong>imperio</strong></span> <span class='ocrx_word' id='word_1_154' title='bbox 1025 2398 1230 2466; x_wconf 83' lang='lat' dir='ltr'><strong>ministrant‘,</strong></span> 
     </span>
     <span class='ocr_line' id='line_1_21' title="bbox 162 2502 1231 2588; baseline -0.002 -19"><span class='ocrx_word' id='word_1_155' title='bbox 162 2507 249 2572; x_wconf 84' lang='lat' dir='ltr'><strong>Ann.</strong></span> <span class='ocrx_word' id='word_1_156' title='bbox 285 2508 334 2586; x_wconf 91' lang='grc'><strong>15,</strong></span> <span class='ocrx_word' id='word_1_157' title='bbox 370 2511 422 2584; x_wconf 83' lang='grc'><strong>36,</strong></span> <span class='ocrx_word' id='word_1_158' title='bbox 461 2508 477 2566; x_wconf 93' lang='grc'><strong>1</strong></span> <span class='ocrx_word' id='word_1_159' title='bbox 509 2523 578 2587; x_wconf 82' lang='lat' dir='ltr'><strong>,nec</strong></span> <span class='ocrx_word' id='word_1_160' title='bbox 612 2502 712 2567; x_wconf 90' lang='lat' dir='ltr'><strong>multo</strong></span> <span class='ocrx_word' id='word_1_161' title='bbox 748 2510 822 2585; x_wconf 91' lang='lat' dir='ltr'><strong>post</strong></span> <span class='ocrx_word' id='word_1_162' title='bbox 863 2505 981 2568; x_wconf 86' lang='lat' dir='ltr'><strong>omissa</strong></span> <span class='ocrx_word' id='word_1_163' title='bbox 1012 2505 1045 2566; x_wconf 89' lang='lat' dir='ltr'><strong>in</strong></span> <span class='ocrx_word' id='word_1_164' title='bbox 1078 2525 1231 2588; x_wconf 87' lang='lat' dir='ltr'><strong>praesens</strong></span> 
     </span>
     <span class='ocr_line' id='line_1_22' title="bbox 162 2608 1231 2698; baseline -0.005 -21"><span class='ocrx_word' id='word_1_165' title='bbox 162 2613 292 2677; x_wconf 85' lang='lat' dir='ltr'><strong>Achaia</strong></span> <span class='ocrx_word' id='word_1_166' title='bbox 316 2612 444 2698; x_wconf 85' lang='lat' dir='ltr'><strong>(causae</strong></span> <span class='ocrx_word' id='word_1_167' title='bbox 467 2611 500 2673; x_wconf 93' lang='lat' dir='ltr'><strong>iu</strong></span> <span class='ocrx_word' id='word_1_168' title='bbox 525 2609 647 2673; x_wconf 89' lang='lat' dir='ltr'><strong>incerto</strong></span> <span class='ocrx_word' id='word_1_169' title='bbox 671 2608 773 2695; x_wconf 88' lang='lat' dir='ltr'><strong>fuere)</strong></span> <span class='ocrx_word' id='word_1_170' title='bbox 798 2611 908 2675; x_wconf 92' lang='lat' dir='ltr'><strong>urbem</strong></span> <span class='ocrx_word' id='word_1_171' title='bbox 933 2612 1061 2675; x_wconf 82' lang='lat' dir='ltr'><strong>revisit‘.</strong></span> <span class='ocrx_word' id='word_1_172' title='bbox 1091 2649 1128 2656; x_wconf 97' lang='lat'>-</span> <span class='ocrx_word' id='word_1_173' title='bbox 1155 2608 1231 2674; x_wconf 92' lang='lat' dir='ltr'><strong>Per·</strong></span> 
     </span>
     <span class='ocr_line' id='line_1_23' title="bbox 162 2716 1229 2801; baseline -0.002 -18"><span class='ocrx_word' id='word_1_174' title='bbox 162 2721 272 2784; x_wconf 82' lang='lat' dir='ltr'><strong>multis</strong></span> <span class='ocrx_word' id='word_1_175' title='bbox 295 2720 373 2783; x_wconf 89' lang='lat' dir='ltr'><strong>locis</strong></span> <span class='ocrx_word' id='word_1_176' title='bbox 398 2716 612 2801; x_wconf 87' lang='lat' dir='ltr'><strong>appositionis</strong></span> <span class='ocrx_word' id='word_1_177' title='bbox 629 2718 659 2780; x_wconf 90' lang='lat' dir='ltr'><strong>vi</strong></span> <span class='ocrx_word' id='word_1_178' title='bbox 681 2717 883 2781; x_wconf 88' lang='lat' dir='ltr'><strong>instruuntur</strong></span> <span class='ocrx_word' id='word_1_179' title='bbox 905 2719 1130 2800; x_wconf 82' lang='lat' dir='ltr'><strong>parentheses3</strong></span> <span class='ocrx_word' id='word_1_180' title='bbox 1159 2739 1184 2782; x_wconf 92' lang='lat' dir='ltr'><strong>e.</strong></span> <span class='ocrx_word' id='word_1_181' title='bbox 1204 2738 1229 2781; x_wconf 92' lang='lat' dir='ltr'><strong>o.</strong></span> 
     </span>
     <span class='ocr_line' id='line_1_24' title="bbox 164 2825 1231 2908; baseline -0.003 -18"><span class='ocrx_word' id='word_1_182' title='bbox 164 2826 231 2908; x_wconf 82' lang='lat' dir='ltr'><strong>Ag.</strong></span> <span class='ocrx_word' id='word_1_183' title='bbox 259 2832 287 2906; x_wconf 91' lang='grc'><strong>7,</strong></span> <span class='ocrx_word' id='word_1_184' title='bbox 315 2830 354 2890; x_wconf 91' lang='grc'><strong>15</strong></span> <span class='ocrx_word' id='word_1_185' title='bbox 380 2848 449 2907; x_wconf 90' lang='lat' dir='ltr'><strong>,nec</strong></span> <span class='ocrx_word' id='word_1_186' title='bbox 472 2827 600 2908; x_wconf 90' lang='lat' dir='ltr'><strong>legatus</strong></span> <span class='ocrx_word' id='word_1_187' title='bbox 624 2825 803 2906; x_wconf 86' lang='lat' dir='ltr'><strong>praetorius</strong></span> <span class='ocrx_word' id='word_1_188' title='bbox 821 2826 862 2889; x_wconf 88' lang='lat' dir='ltr'><strong>ad</strong></span> <span class='ocrx_word' id='word_1_189' title='bbox 877 2825 1090 2891; x_wconf 88' lang='lat' dir='ltr'><strong>cohibendum</strong></span> <span class='ocrx_word' id='word_1_190' title='bbox 1106 2831 1231 2907; x_wconf 89' lang='lat' dir='ltr'><strong>potens,</strong></span> 
     </span>
     <span class='ocr_line' id='line_1_25' title="bbox 164 2932 1232 3014; baseline -0.004 -16"><span class='ocrx_word' id='word_1_191' title='bbox 164 2935 323 2999; x_wconf 89' lang='lat' dir='ltr'><strong>incertum</strong></span> <span class='ocrx_word' id='word_1_192' title='bbox 356 2955 414 2998; x_wconf 86' lang='lat' dir='ltr'><strong>suo</strong></span> <span class='ocrx_word' id='word_1_193' title='bbox 447 2954 488 2997; x_wconf 89' lang='lat' dir='ltr'><strong>an</strong></span> <span class='ocrx_word' id='word_1_194' title='bbox 521 2932 659 2997; x_wconf 90' lang='lat' dir='ltr'><strong>militum</strong></span> <span class='ocrx_word' id='word_1_195' title='bbox 690 2932 839 3014; x_wconf 62' lang='lat' dir='ltr'><strong>ingenio!</strong></span> <span class='ocrx_word' id='word_1_196' title='bbox 894 2933 980 2997; x_wconf 89' lang='lat' dir='ltr'><strong>Hist</strong></span> <span class='ocrx_word' id='word_1_197' title='bbox 1015 2935 1046 3013; x_wconf 88' lang='lat'><strong>4,</strong></span> <span class='ocrx_word' id='word_1_198' title='bbox 1073 2938 1102 3013; x_wconf 86' lang='grc'><strong>6,</strong></span> <span class='ocrx_word' id='word_1_199' title='bbox 1128 2934 1149 2994; x_wconf 86' lang='grc'>4</span> <span class='ocrx_word' id='word_1_200' title='bbox 1183 2951 1232 3012; x_wconf 90' lang='lat' dir='ltr'><strong>‚ea</strong></span> 
     </span>
     <span class='ocr_line' id='line_1_26' title="bbox 165 3037 1232 3123; baseline -0.002 -19"><span class='ocrx_word' id='word_1_201' title='bbox 165 3040 267 3121; x_wconf 89' lang='lat' dir='ltr'><strong>ultio,</strong></span> <span class='ocrx_word' id='word_1_202' title='bbox 302 3039 459 3104; x_wconf 90' lang='lat' dir='ltr'><strong>incertum</strong></span> <span class='ocrx_word' id='word_1_203' title='bbox 492 3040 595 3104; x_wconf 91' lang='lat' dir='ltr'><strong>maior</strong></span> <span class='ocrx_word' id='word_1_204' title='bbox 630 3060 671 3102; x_wconf 88' lang='lat' dir='ltr'><strong>an</strong></span> <span class='ocrx_word' id='word_1_205' title='bbox 702 3040 836 3123; x_wconf 89' lang='lat' dir='ltr'><strong>iustior,</strong></span> <span class='ocrx_word' id='word_1_206' title='bbox 873 3045 1021 3105; x_wconf 91' lang='lat' dir='ltr'><strong>senatum</strong></span> <span class='ocrx_word' id='word_1_207' title='bbox 1058 3040 1091 3103; x_wconf 93' lang='lat' dir='ltr'><strong>in</strong></span> <span class='ocrx_word' id='word_1_208' title='bbox 1124 3037 1232 3102; x_wconf 90' lang='lat' dir='ltr'><strong>studia</strong></span> 
     </span>
     <span class='ocr_line' id='line_1_27' title="bbox 165 3144 1232 3230; baseline -0.003 -19"><span class='ocrx_word' id='word_1_209' title='bbox 165 3147 359 3212; x_wconf 84' lang='lat' dir='ltr'><strong>diduxerat‘</strong></span> <span class='ocrx_word' id='word_1_210' title='bbox 388 3147 430 3218; x_wconf 84' lang='lat' dir='ltr'><strong>ib.</strong></span> <span class='ocrx_word' id='word_1_211' title='bbox 456 3152 507 3228; x_wconf 82' lang='lat'><strong>57,</strong></span> <span class='ocrx_word' id='word_1_212' title='bbox 543 3149 584 3214; x_wconf 88' lang='lat'><strong>18</strong></span> <span class='ocrx_word' id='word_1_213' title='bbox 609 3153 656 3228; x_wconf 91' lang='lat' dir='ltr'><strong>‚ut</strong></span> <span class='ocrx_word' id='word_1_214' title='bbox 680 3144 849 3230; x_wconf 88' lang='lat' dir='ltr'><strong>(flagitium</strong></span> <span class='ocrx_word' id='word_1_215' title='bbox 872 3147 1069 3228; x_wconf 89' lang='lat' dir='ltr'><strong>incognitum</strong></span> <span class='ocrx_word' id='word_1_216' title='bbox 1092 3146 1232 3210; x_wconf 86' lang='lat' dir='ltr'><strong>Romani</strong></span> 
     </span>
     <span class='ocr_line' id='line_1_28' title="bbox 165 3251 1232 3340; baseline -0.001 -21"><span class='ocrx_word' id='word_1_217' title='bbox 165 3254 340 3340; x_wconf 86' lang='lat' dir='ltr'><strong>exercitus)</strong></span> <span class='ocrx_word' id='word_1_218' title='bbox 363 3255 396 3318; x_wconf 94' lang='lat' dir='ltr'><strong>in</strong></span> <span class='ocrx_word' id='word_1_219' title='bbox 421 3260 553 3319; x_wconf 86' lang='lat' dir='ltr'><strong>externa</strong></span> <span class='ocrx_word' id='word_1_220' title='bbox 579 3252 676 3318; x_wconf 92' lang='lat' dir='ltr'><strong>verba</strong></span> <span class='ocrx_word' id='word_1_221' title='bbox 691 3254 856 3325; x_wconf 44' lang='lat' dir='ltr'><strong>iurarent&amp;</strong></span> <span class='ocrx_word' id='word_1_222' title='bbox 896 3251 950 3319; x_wconf 83' lang='lat' dir='ltr'><strong>Sic</strong></span> <span class='ocrx_word' id='word_1_223' title='bbox 965 3252 1055 3318; x_wconf 88' lang='lat' dir='ltr'><strong>dedit</strong></span> <span class='ocrx_word' id='word_1_224' title='bbox 1071 3253 1232 3337; x_wconf 89' lang='lat' dir='ltr'><strong>Halmius,</strong></span> 
     </span>
     <span class='ocr_line' id='line_1_29' title="bbox 167 3358 1233 3445; baseline -0.003 -19"><span class='ocrx_word' id='word_1_225' title='bbox 167 3362 330 3444; x_wconf 89' lang='lat' dir='ltr'><strong>,Romano</strong></span> <span class='ocrx_word' id='word_1_226' title='bbox 374 3361 537 3425; x_wconf 88' lang='lat' dir='ltr'><strong>exercitui‘</strong></span> <span class='ocrx_word' id='word_1_227' title='bbox 578 3360 742 3445; x_wconf 87' lang='lat' dir='ltr'><strong>Heraeus,</strong></span> <span class='ocrx_word' id='word_1_228' title='bbox 784 3360 886 3426; x_wconf 85' lang='lat' dir='ltr'><strong>codex</strong></span> <span class='ocrx_word' id='word_1_229' title='bbox 925 3359 1092 3425; x_wconf 86' lang='lat' dir='ltr'><strong>Mediceus</strong></span> <span class='ocrx_word' id='word_1_230' title='bbox 1134 3358 1233 3423; x_wconf 88' lang='lat' dir='ltr'><strong>habet</strong></span> 
     </span>
     <span class='ocr_line' id='line_1_30' title="bbox 168 3465 1232 3551; baseline -0.002 -20"><span class='ocrx_word' id='word_1_231' title='bbox 168 3467 344 3551; x_wconf 88' lang='lat' dir='ltr'><strong>,Romanus</strong></span> <span class='ocrx_word' id='word_1_232' title='bbox 379 3466 566 3548; x_wconf 50' lang='lat' dir='ltr'><strong>:exercitnsss</strong></span> <span class='ocrx_word' id='word_1_233' title='bbox 604 3465 690 3550; x_wconf 92' lang='lat' dir='ltr'><strong>quod</strong></span> <span class='ocrx_word' id='word_1_234' title='bbox 724 3467 948 3551; x_wconf 88' lang='lat' dir='ltr'><strong>corrigendum</strong></span> <span class='ocrx_word' id='word_1_235' title='bbox 983 3489 1052 3532; x_wconf 87' lang='lat' dir='ltr'><strong>esse</strong></span> <span class='ocrx_word' id='word_1_236' title='bbox 1085 3466 1232 3549; x_wconf 87' lang='lat' dir='ltr'><strong>equidem</strong></span> 
     </span>
     <span class='ocr_line' id='line_1_31' title="bbox 165 3575 1231 3657; baseline -0.003 -17"><span class='ocrx_word' id='word_1_237' title='bbox 165 3576 350 3657; x_wconf 83' lang='lat' dir='ltr'><strong>intellegere</strong></span> <span class='ocrx_word' id='word_1_238' title='bbox 382 3597 446 3639; x_wconf 92' lang='lat' dir='ltr'><strong>non</strong></span> <span class='ocrx_word' id='word_1_239' title='bbox 478 3594 618 3657; x_wconf 89' lang='lat' dir='ltr'><strong>possum,</strong></span> <span class='ocrx_word' id='word_1_240' title='bbox 653 3580 685 3637; x_wconf 90' lang='lat' dir='ltr'><strong>et</strong></span> <span class='ocrx_word' id='word_1_241' title='bbox 719 3575 818 3638; x_wconf 92' lang='lat' dir='ltr'><strong>miror</strong></span> <span class='ocrx_word' id='word_1_242' title='bbox 849 3576 1015 3640; x_wconf 92' lang='lat' dir='ltr'><strong>Heraeum</strong></span> <span class='ocrx_word' id='word_1_243' title='bbox 1044 3575 1075 3638; x_wconf 93' lang='lat' dir='ltr'><strong>in</strong></span> <span class='ocrx_word' id='word_1_244' title='bbox 1100 3594 1231 3638; x_wconf 90' lang='lat' dir='ltr'><strong>numero</strong></span> 
     </span>
     <span class='ocr_line' id='line_1_32' title="bbox 166 3681 1232 3767; baseline -0.001 -21"><span class='ocrx_word' id='word_1_245' title='bbox 166 3682 283 3767; x_wconf 86' lang='lat' dir='ltr'><strong>plurali</strong></span> <span class='ocrx_word' id='word_1_246' title='bbox 325 3683 487 3763; x_wconf 87' lang='lat' dir='ltr'><strong>,iurarent‘</strong></span> <span class='ocrx_word' id='word_1_247' title='bbox 533 3702 605 3744; x_wconf 91' lang='lat' dir='ltr'><strong>cum</strong></span> <span class='ocrx_word' id='word_1_248' title='bbox 646 3681 800 3763; x_wconf 83' lang='lat' dir='ltr'><strong>singulari</strong></span> <span class='ocrx_word' id='word_1_249' title='bbox 840 3683 1020 3764; x_wconf 88' lang='lat' dir='ltr'><strong>,exercitus‘</strong></span> <span class='ocrx_word' id='word_1_250' title='bbox 1062 3683 1232 3746; x_wconf 89' lang='lat' dir='ltr'><strong>coniuncto</strong></span> 
     </span>
    </p>
   </div>
   <div class='ocr_carea' id='block_1_3' title="bbox 168 3876 1232 4034">
    <p class='ocr_par' dir='ltr' id='par_1_3' title="bbox 168 3876 1232 4034">
     <span class='ocr_line' id='line_1_33' title="bbox 240 3876 1232 3948; baseline -0.002 -16"><span class='ocrx_word' id='word_1_251' title='bbox 240 3876 260 3948; x_wconf 88' lang='lat'><strong>¹)</strong></span> <span class='ocrx_word' id='word_1_252' title='bbox 280 3879 329 3932; x_wconf 92' lang='lat' dir='ltr'><strong>ubi</strong></span> <span class='ocrx_word' id='word_1_253' title='bbox 347 3879 423 3946; x_wconf 84' lang='lat' dir='ltr'><strong>apud</strong></span> <span class='ocrx_word' id='word_1_254' title='bbox 440 3877 586 3931; x_wconf 88' lang='lat' dir='ltr'><strong>Halmium</strong></span> <span class='ocrx_word' id='word_1_255' title='bbox 605 3877 635 3931; x_wconf 91' lang='lat' dir='ltr'><strong>in</strong></span> <span class='ocrx_word' id='word_1_256' title='bbox 656 3880 737 3931; x_wconf 87' lang='lat' dir='ltr'><strong>textu</strong></span> <span class='ocrx_word' id='word_1_257' title='bbox 755 3877 900 3932; x_wconf 89' lang='lat' dir='ltr'><strong>invenitur</strong></span> <span class='ocrx_word' id='word_1_258' title='bbox 919 3877 1042 3948; x_wconf 83' lang='lat' dir='ltr'><strong>,orgine‘,</strong></span> <span class='ocrx_word' id='word_1_259' title='bbox 1062 3877 1232 3948; x_wconf 84' lang='lat' dir='ltr'><strong>typographi</strong></span> 
     </span>
     <span class='ocr_line' id='line_1_34' title="bbox 168 3967 593 4034; baseline -0.012 -11"><span class='ocrx_word' id='word_1_260' title='bbox 168 3986 264 4024; x_wconf 85' lang='lat' dir='ltr'><strong>errore</strong></span> <span class='ocrx_word' id='word_1_261' title='bbox 281 3967 432 4020; x_wconf 88' lang='lat' dir='ltr'><strong>manifesto</strong></span> <span class='ocrx_word' id='word_1_262' title='bbox 453 3967 593 4034; x_wconf 86' lang='lat' dir='ltr'><strong>illapsum.</strong></span> 
     </span>
    </p>
   </div>
   <div class='ocr_carea' id='block_1_4' title="bbox 240 4055 1327 4126">
    <p class='ocr_par' dir='ltr' id='par_1_4' title="bbox 240 4055 1327 4126">
     <span class='ocr_line' id='line_1_35' title="bbox 240 4055 1327 4126; baseline 0 -16"><span class='ocrx_word' id='word_1_263' title='bbox 240 4055 261 4126; x_wconf 76' lang='grc'><strong>2)</strong></span> <span class='ocrx_word' id='word_1_264' title='bbox 282 4059 311 4110; x_wconf 91' lang='lat' dir='ltr'><strong>in</strong></span> <span class='ocrx_word' id='word_1_265' title='bbox 330 4055 405 4110; x_wconf 89' lang='lat' dir='ltr'><strong>Mus.</strong></span> <span class='ocrx_word' id='word_1_266' title='bbox 435 4055 525 4110; x_wconf 89' lang='lat' dir='ltr'><strong>Rhen.</strong></span> <span class='ocrx_word' id='word_1_267' title='bbox 553 4055 597 4125; x_wconf 83' lang='lat'><strong>34,</strong></span> <span class='ocrx_word' id='word_1_268' title='bbox 617 4058 677 4111; x_wconf 83' lang='lat'><strong>626.</strong></span> <span class='ocrx_word' id='word_1_269' title='bbox 728 4055 837 4126; x_wconf 75' lang='lat' dir='ltr'><strong>Quibus</strong></span> <span class='ocrx_word' id='word_1_270' title='bbox 857 4060 950 4110; x_wconf 88' lang='lat' dir='ltr'><strong>autem</strong></span> <span class='ocrx_word' id='word_1_271' title='bbox 978 4057 1069 4110; x_wconf 87' lang='lat' dir='ltr'><strong>causis</strong></span> <span class='ocrx_word' id='word_1_272' title='bbox 1088 4060 1233 4126; x_wconf 88' lang='lat' dir='ltr'><strong>permotus</strong></span> <span class='ocrx_word' id='word_1_273' title='bbox 1323 4092 1327 4100; x_wconf 86' lang='lat'><strong>·</strong></span> 
     </span>
    </p>
   </div>
   <div class='ocr_carea' id='block_1_5' title="bbox 169 4145 1233 4323">
    <p class='ocr_par' dir='ltr' id='par_1_5' title="bbox 169 4145 1233 4323">
     <span class='ocr_line' id='line_1_36' title="bbox 169 4145 1233 4215; baseline 0 -14"><span class='ocrx_word' id='word_1_274' title='bbox 169 4148 303 4201; x_wconf 84' lang='lat' dir='ltr'><strong>Tiedkius</strong></span> <span class='ocrx_word' id='word_1_275' title='bbox 329 4165 433 4215; x_wconf 87' lang='lat' dir='ltr'><strong>,rarum</strong></span> <span class='ocrx_word' id='word_1_276' title='bbox 462 4146 499 4199; x_wconf 86' lang='lat' dir='ltr'><strong>in‘</strong></span> <span class='ocrx_word' id='word_1_277' title='bbox 523 4146 672 4215; x_wconf 86' lang='lat' dir='ltr'><strong>addiderit,</strong></span> <span class='ocrx_word' id='word_1_278' title='bbox 696 4147 797 4214; x_wconf 88' lang='lat' dir='ltr'><strong>nesei0,</strong></span> <span class='ocrx_word' id='word_1_279' title='bbox 823 4164 886 4201; x_wconf 91' lang='lat' dir='ltr'><strong>cum</strong></span> <span class='ocrx_word' id='word_1_280' title='bbox 910 4145 1042 4200; x_wconf 86' lang='lat' dir='ltr'><strong>Museum</strong></span> <span class='ocrx_word' id='word_1_281' title='bbox 1064 4145 1233 4203; x_wconf 85' lang='lat' dir='ltr'><strong>Rhenanum</strong></span> 
     </span>
     <span class='ocr_line' id='line_1_37' title="bbox 169 4236 552 4323; baseline -0.008 -32"><span class='ocrx_word' id='word_1_282' title='bbox 169 4237 385 4322; x_wconf 27' lang='lat' dir='ltr'><strong>inspicere-,non</strong></span> <span class='ocrx_word' id='word_1_283' title='bbox 403 4236 552 4323; x_wconf 70' lang='lat' dir='ltr'><strong>potuerim,</strong></span> 
     </span>
    </p>
   </div>
   <div class='ocr_carea' id='block_1_6' title="bbox 0 0 1435 4846">
    <p class='ocr_par' dir='ltr' id='par_1_6' title="bbox 0 0 1435 4846">
     <span class='ocr_line' id='line_1_38' title="bbox 0 0 1435 4846; baseline 0 0"><span class='ocrx_word' id='word_1_284' title='bbox 0 0 1435 4846; x_wconf 95' lang='lat' dir='ltr'><strong> </strong></span> 
     </span>
    </p>
   </div>
  </div>
 </body>
</html>
