2836 4846
589 439 806 500 ..49-

164 633 334 706 cinctione.
380 631 469 697 Nam
492 632 663 717 praecipue
686 632 774 701 illam
798 631 919 715 Livius,
954 629 1109 698 Cicerone
1133 633 1234 716 potis·

164 743 277 807 simum
310 747 440 806 auctore
473 761 559 824 usus,
593 740 670 804 colit
703 745 801 821 atque
826 738 939 823 diligit,
963 741 1153 823 praesertim
1178 741 1232 822 qui

164 871 227 912 non
250 843 416 929 ita'longe
441 846 606 912 discedere
638 845 678 910 ab
707 846 903 928 optimorum
918 847 1122 931 ¹scriptorum
1145 868 1235 911 more

165 962 198 1021 ct
220 955 465 1021 consuetudine·
478 954 538 1020 sibi
563 952 778 1019 constituerit.
812 952 925 1036 Atque
936 953 1063 1039 copiam
1081 953 1235 1020 orationis

165 1068 334 1146 tantopere
358 1063 406 1127 sui
430 1063 507 1126 iuris
532 1061 616 1144 iecit,
640 1066 677 1124 ut
700 1060 805 1124 lactea
821 1059 904 1125 Livii
929 1060 1059 1126 ubertas
1077 1061 1118 1126 ab
1136 1061 1235 1126 omni-

165 1169 225 1234 bus
249 1170 328 1234 artis
362 1171 524 1234 oratoriae
553 1168 665 1252 peritis
694 1168 826 1232 summis
855 1167 1004 1233 laudibus
1028 1152 1250 1255 efferreturstl

167 1275 275 1340 Aliter
310 1275 441 1340 Tacitus
486 1277 561 1358 egit.
616 1273 715 1341 Ouius
759 1275 847 1358 gravi
883 1281 987 1357 atque¹
1012 1274 1096 1339 tristi
1129 1275 1235 1339 animo

166 1383 269 1448 laetus
292 1383 584 1466 ille'iuoundusque
601 1384 757 1447 sermonis
775 1390 907 1447 ornatus
923 1382 1053 1446 minime
1070 1381 1234 1466 placebat3

166 1491 278 1572 itaque
314 1487 355 1554 ad
391 1490 490 1573 hunc,
530 1490 675 1572 quamvis
708 1490 810 1554 multa
840 1488 932 1553 Livio
966 1489 1129 1573 debuerit,
1152 1488 1235 1576 {raro

167 1616 337 1678 aggressus
362 1603 411 1659 est
427 1594 569 1680 Tacitus,
594 1597 641 1660 ita
664 1605 774 1661 tamen
791 1596 850 1661 sibi
866 1602 1056 1680 temperans,
1080 1602 1116 1660 ut
1132 1617 1237 1679 neque

168 1725 310 1786 unquam
337 1703 513 1768 rhetorices
542 1710 718 1787 praecepta
754 1704 899 1767 omuibus
935 1702 1074 1785 probata
1107 1703 1237 1768 laeserit

68 1798 71 1803 ¹
167 1833 272 1894 neque
297 1812 476 1876 orationem
500 1809 624 1874 aridam
648 1817 705 1891 aut
730 1831 864 1891 egenam
888 1808 1037 1881 effecerit,
1083 1809 1238 1874 Dilucide

168 1917 225 1983 fiet
247 1939 307 2002 res,
333 1919 359 1982 si
383 1918 425 1983 ad
449 1918 576 2000 singula
592 1917 766 1988 veniemus.
798 1916 878 1981 Tres
902 1917 999 1999 igitur
1015 1931 1089 1981 sunt
1104 1916 1235 2000 figurae,

171 2025 211 2089 de
237 2026 350 2109 quibus
375 2026 426 2089 hic
450 2046 545 2107 agere
569 2024 602 2087 in
627 2025 735 2087 animo
752 2024 844 2088 nobis
869 2031 925 2107 est,
951 2025 1126 2107 anaphora,
1152 2023 1237 2106 pleo-

169 2155 311 2218 nasmus
336 2133 589 2221 polysyndeton,
614 2133 741 2196 initium
766 2139 874 2196 autem
897 2130 1053 2195 iaciamus
1078 2129 1128 2195 ab.

593 2312 809 2412 anaplum.

259 2454 304 2520 Et
337 2455 475 2539 primum
509 2454 640 2538 quidem
676 2451 895 2536 quaerendum
930 2460 979 2516 est
1003 2452 1043 2517 de
1066 2453 1097 2517 vi
1121 2473 1159 2516 ac
1182 2473 1238 2536 po·

169 2569 285 2628 testate
310 2563 503 2646 anaphorae,
530 2583 611 2644 quae
636 2561 754 2625 nostris
778 2560 975 2644 temporibus
999 2559 1087 2625 haud
1104 2580 1238 2642 parvam

170 2667 403 2734 dubitationem
426 2670 500 2734 viris
525 2668 630 2733 doctis
656 2669 813 2731 excitavitv
862 2665 969 2732 Oeteri
992 2666 1092 2750 igitm·
1116 2673 1238 2757 veteres

169 2776 366 2857 grammatici
399 2797 472 2839 cum
503 2775 584 2838 nihil
608 2774 675 2841 fere
698 2774 777 2838 utile
801 2773 942 2857 tradant,
968 2773 1140 2838 Oornificio
1165 2796 1239 2839 con-

169 2880 250 2945 tenti
274 2881 374 2944 simus
407 2889 543 2965 oportet,
576 2882 630 2963 qni
654 2901 724 2945 eam
748 2881 881 2963 figuram
907 2888 975 2944 tum
999 2880 1067 2945 fieri
1091 2881 1239 2966 censet,²)

173 3010 243 3052 cum
271 2989 472 3051 continenter
505 2987 546 3051 ab
572 3009 635 3052 uno
661 2987 837 3070 eodemque
859 2986 957 3055 verbo
981 2989 1013 3051 in
1038 2989 1133 3053 rebus
1156 2988 1240 3054 simi·

97 3160 99 3164 Α
171 3096 253 3160 libus
289 3103 321 3159 et
355 3094 489 3160 diversis
523 3096 682 3180 principia
718 3102 897 3166 sumantur,
958 3094 1019 3161 Oui
1052 3095 1239 3180 definitioni,

170 3224 254 3285 quae
278 3202 409 3285 quidem
445 3202 610 3288 aliquanto
645 3204 814 3286 angustius
838 3202 1016 3268 coercenda
1040 3211 1096 3288 est,
1131 3225 1240 3271 omnes

169 3310 236 3375 fere
263 3310 358 3375 huius
391 3311 545 3394 temporis
581 3311 638 3374 viri
662 3311 749 3377 docti
774 3313 1006 3391 assentiuntur;
1032 3311 1240 3393 quamobrem

169 3419 383 3482 necessarium
407 3439 472 3482 non
489 3417 624 3500 videtur,
643 3439 726 3499 quae
744 3418 880 3500 quisque
897 3419 1053 3502 statuerit,
1078 3439 1239 3486 enanara.

169 3525 259 3590 Unus
283 3524 563 3606 Naegelsbaclrius
598 3525 694 3608 plane
718 3546 834 3589 novam
859 3531 958 3606 atque
986 3524 1027 3587 ad
1052 3524 1085 3588 id
1111 3532 1240 3608 tempus

169 3631 348 3695 inauditam
366 3630 586 3695 definitionem
602 3631 747 3715 protulit,
782 3632 957 3696 Existimat
973 3633 1020 3695 vir
1036 3630 1240 3695 doctissimus

171 3737 213 3801 ad
247 3737 280 3801 id
316 3744 445 3821 tempus
481 3738 581 3802 multo
624 3738 743 3802 artiore
785 3759 881 3803 sensu
912 3739 1110 3803 intellectam
1142 3736 1240 3801 fuisse

170 3845 375 3929 anaphoram,
410 3866 492 3927 quae
534 3865 568 3908 re
601 3866 677 3909 vera
709 3866 773 3909 nou
807 3852 875 3911 tam
912 3846 955 3910 ad
978 3869 1075 3910 unum
1099 3846 1240 3929 verbum,

172 3952 257 4035 quod
280 3953 371 4017 initio
398 3951 610 4035 complurium
635 3952 785 4036 deinceps
810 3953 1040 4018 sententiarum
1066 3960 1240 4037 repetatur,

173 4081 270 4142 quam
294 4060 335 4124 ad
358 4060 529 4126 verborum
554 4060 670 4124 scriem
686 4061 855 4125 reserenda
879 4061 935 4141 sit3
960 4060 993 4124 id
1007 4062 1088 4124 enim
1104 4062 1241 4127 maxime

246 4311 266 4380 ¹)
286 4311 321 4366 ef.
341 4328 411 4379 quae
430 4311 459 4363 in
478 4308 565 4379 praef.
586 4309 620 4363 de
639 4311 691 4364 hac
710 4329 741 4363 re
761 4311 829 4366 dixi.

245 4399 267 4463 2)
287 4400 321 4455 cf.
341 4400 393 4470 lv,
414 4401 455 4470 ta,
479 4402 517 4456 19.
