2836 4846
605 310 823 371 ..ρο-

182 505 265 592 erat)
277 542 317 554 -
331 504 417 589 quod
429 504 602 588 plurimum
614 504 646 569 in
660 504 801 587 phaleris
813 525 967 586 equorum
979 506 1070 568 erat‘
1089 501 1244 569 Videmus

181 622 288 678 autem
305 634 369 677 non
386 614 489 677 solum
505 634 667 696 praesens,
686 611 742 675 sed
759 612 855 676 etiam
875 612 939 675 alia
962 619 1110 695 tempora
1127 611 1244 696 omitti;

182 721 268 804 quod
294 742 364 784 cum
390 720 551 803 primariis
576 719 748 784 enuntiatis
773 719 914 783 crebrius
939 721 1113 801 contingat,
1138 725 1245 783 tamen

180 829 213 893 iu
237 829 282 892 eis
306 827 384 912 ipsis
409 829 576 910 sequentia
598 827 649 891 vel
664 825 892 911 praecedentia
908 827 1044 892 formam
1069 826 1156 892 verbi
1180 828 1245 908 ple-

181 957 316 1017 rumque
334 934 479 1019 offerunt,
496 936 582 1000 velut
593 934 696 1018 praef,
711 940 748 998 ll
775 935 875 1015 ‚uuila
896 956 1037 1016 unquam
1054 955 1104 997 res
1118 933 1246 1017 publica

181 1041 277 1106 ditior
301 1041 370 1123 fuit,
396 1064 454 1106 nec
477 1043 509 1105 in
527 1064 622 1124 qnam
645 1043 806 1107 civitatem
823 1097 856 1113 ,,
881 1042 1143 1123 inmigraverint‘,
1175 1043 1194 1104 i.
1218 1062 1244 1104 e.

179 1170 239 1213 nec
262 1149 329 1212 ulla
353 1148 415 1213 fuit
438 1149 550 1213 civitas
583 1151 615 1212 in
640 1171 735 1231 quam
767 1148 1017 1229 inmigraverint,
1063 1149 1181 1229 Itaque
1212 1148 1245 1210 in

180 1257 236 1338 eis,
262 1277 344 1337 quae
367 1256 516 1338 leguntur
534 1261 562 1336 1,
583 1261 633 1338 15,
658 1261 675 1320 6
705 1255 797 1337 ,haec
817 1256 917 1320 ferme
934 1255 1074 1319 Romulo
1091 1262 1246 1336 regnante

181 1363 268 1428 domi
284 1363 479 1446 militiaeque
496 1371 595 1445 gesta,
615 1386 751 1447 quorum
766 1364 845 1427 nihil
864 1363 1019 1426 absonum
1032 1361 1107 1425 fidei
1120 1362 1247 1426 diuinae

180 1471 310 1554 originis
342 1470 581 1554 divinitatisque
612 1480 686 1555 post
715 1479 852 1536 mortem
891 1468 1036 1534 creditae
1071 1469 1151 1549 fuit‘,
1190 1490 1246 1533 cur

179 1577 435 1662 Kuehnastius1)
468 1579 678 1661 praeteritum
711 1579 854 1662 suppleri
882 1577 967 1655 velit,
1003 1575 1151 1658 equidem
1182 1597 1246 1640 non

179 1706 309 1768 possum
325 1685 524 1766 intellegere;
549 1684 627 1749 mihi
653 1684 782 1767 quidem
798 1684 877 1748 nihil
902 1683 991 1749 aliud
1008 1685 1068 1747 nisi
1092 1705 1245 1768 praesens

181 1794 275 1874 ,sunt‘
307 1790 434 1856 uidetur
467 1791 681 1876 supplendum
714 1813 792 1858 esse.
838 1791 969 1856 Etenim
1009 1792 1041 1854 in
1076 1789 1245 1874 capitibus,

182 1918 264 1981 quae
280 1897 487 1982 praecedunt,
512 1907 687 1982 postquam
709 1899 846 1981 scriptor
864 1899 1036 1980 enarravit,
1062 1920 1143 1981 quae
1160 1898 1246 1962 domi

180 2006 397 2087 militiaequae
429 2006 570 2072 Romulo
604 2013 759 2088 regnante
788 2013 879 2086 gesta
911 2006 984 2087 sint,
1010 2007 1247 2070 enarrationem

181 2111 251 2177 finit
274 2112 336 2176 illis
360 2112 436 2196 ipsis
459 2114 564 2177 verbis
589 2119 684 2198 atque
708 2112 835 2177 adicere
867 2113 980 2196 coepit,
1012 2112 1089 2194 quid
1113 2115 1180 2196 ipse
1206 2112 1246 2176 de

88 2227 91 2231 ’
183 2219 323 2284 Romulo
354 2240 428 2300 rege
461 2221 587 2287 sentiat.
641 2216 736 2302 Quod
771 2226 917 2303 tempore
950 2219 1092 2302 perfecto
1127 2220 1247 2303 optime
1284 2292 1290 2304 ι

181 2327 251 2392 fieri
273 2348 366 2391 nemo
391 2325 458 2390 fere
482 2326 622 2408 negabit,
647 2327 836 2410 praesertim
866 2327 892 2390 si
917 2348 1025 2390 secum
1048 2328 1246 2408 reputaverit

182 2440 250 2499 toto
274 2433 328 2497 illo
355 2433 469 2516 capite,
496 2431 624 2515 dequo
656 2432 798 2513 dicimus,
829 2439 978 2517 tempora
1007 2432 1150 2516 perfecta
1178 2453 1247 2497 esse

181 2541 300 2626 posita3
325 2541 435 2622 itaque
458 2540 511 2604 hic
535 2561 663 2623 quoque
691 2541 809 2605 rectius
830 2541 1116 2623 interpretabimur
1143 2547 1251 2622 ,gesta

181 2651 275 2720 sunt‘
323 2646 389 2712 Sed
427 2655 463 2711 ut
499 2647 540 2712 ad
584 2648 761 2732 praeterita
804 2655 957 2729 revertar,
1004 2670 1031 2720 e,
1065 2670 1091 2719 c.
1137 2648 1248 2712 adfero

182 2759 295 2838 a4‚3o,
321 2759 342 2819 4
381 2776 581 2837 ,versumque
617 2754 658 2819 ab
693 2754 791 2819 ltalia
830 2754 959 2836 beilum,
996 2754 1079 2819 adeo
1114 2764 1250 2837 uterque

89 2910 92 2917 ,
184 2862 325 2946 populus
349 2863 383 2925 in
407 2860 551 2926 Siciliam
574 2862 716 2926 intentus
742 2861 799 2946 (sc,
824 2859 907 2947 fuit),
945 2861 1043 2924 fuisse
1067 2860 1168 2925 videri
1191 2883 1248 2943 po·

182 2972 290 3049 terat3‘
324 2990 387 3051 quo
415 2969 487 3033 loco
517 2966 701 3049 Madvigius
731 2968 832 3032 edidit
866 2969 1019 3048 ,intentus
1048 2966 1117 3048 fuit,
1148 2967 1247 3032 videri

182 3077 319 3158 poterat‘
365 3075 540 3140 secundum
586 3075 619 3146 J.
649 3075 848 3156 Bekkerum,
895 3075 927 3138 in
962 3075 1164 3158 praefatione
1207 3075 1249 3141 ad

182 3182 242 3246 voi.
268 3181 316 3264 II,
341 3206 372 3265 p.
396 3181 563 3250 XXVIII
587 3181 636 3245 his
660 3183 764 3246 verbis
789 3188 945 3245 mutatam
970 3182 1161 3265 scripturam
1185 3186 1251 3248 vin-

184 3289 308 3361 dicans:
333 3288 460 3371 ,Neque
486 3289 586 3371 ,fuir‘
613 3290 726 3354 abesse
750 3296 857 3372 potest
879 3310 984 3372 neque
1009 3290 1148 3372 „fuisse“
1172 3293 1203 3357 h.
1229 3292 1249 3364 l,

181 3404 268 3461 recte
300 3417 359 3479 pro
396 3398 505 3477 „esse“
540 3396 692 3480 ponitur!
761 3396 1043 3463 Weissenbomius
1076 3424 1104 3470 v.
1137 3401 1174 3465 cl.
1208 3398 1250 3463 ad

182 3502 212 3566 h.
238 3502 258 3567 l.
285 3502 421 3567 adnotat
455 3504 487 3566 in
516 3503 771 3587 epiphonematis
808 3503 894 3587 aprud
923 3504 1049 3570 Livium
1088 3507 1167 3571 alias
1200 3527 1250 3570 co·

182 3610 293 3694 pulam
307 3609 428 3692 deesse,
441 3634 469 3676 v.
482 3616 511 3692 5,
526 3615 576 3693 10,
592 3615 776 3697 operarum
785 3611 932 3677 Bekkero
947 3614 1120 3677 assentitur
1131 3636 1190 3698 pro
1203 3614 1249 3676 in·

183 3715 306 3782 finitivo
330 3716 465 3800 perfecti
493 3717 525 3789 h,
554 3718 574 3783 1.
597 3717 788 3782 infinitivum
813 3721 977 3802 praeseuis
1002 3721 1094 3803 exigi,
1120 3728 1247 3785 etcum

181 3822 302 3888 iudicet
324 3822 514 3888 infinitivum
539 3823 657 3906 ,fuisse‘
685 3824 842 3890 immertio
872 3828 1018 3910 separari
1039 3850 1059 3892 a
1079 3827 1249 3911 participio

183 3932 341 4012 ,versum‘,
367 3929 505 3996 sortasse
541 3932 697 4014 scriptum
732 3932 829 4004 fuisse
859 3941 954 4016 putat
989 3934 1140 4016 ,intentus
1176 3934 1246 4017 fuit,

183 4044 252 4101 tum
276 4057 344 4102 esse
367 4037 494 4127 videri‘3
518 4039 545 4104 si
574 4039 736 4122 scriptura
764 4039 910 4105 codicum
941 4041 1070 4106 omnino
1093 4041 1251 4107 mutanda

274 4269 297 4339 1)
315 4267 379 4326 Liv.
401 4267 509 4342 Syntax
526 4288 555 4341 p.
573 4269 633 4342 277,
653 4271 673 4328 l.
691 4270 717 4326 4.
