2836 4846
628 458 848 516 ..53-.

289 649 381 712 Haec
411 648 519 730 habui,
557 672 639 733 quae
674 649 713 714 de
742 650 935 732 pleonasmo
972 650 1178 735 disputarem.
1226 651 1265 715 In

190 775 374 838 synonyma
398 757 428 819 h.
454 756 473 819 l.
498 756 658 839 inquirere
689 778 739 820 me
771 779 835 823 non
858 759 1003 840 potuisse
1036 757 1129 822 valde
1159 758 1263 822 doleo.

198 861 312 945 Nuper
341 862 423 925 enim
456 863 514 926 viri
538 863 624 928 docti
656 865 756 946 magis
781 866 946 947 magisque
980 865 1263 949 dubitarecoepe-

198 976 282 1049 runt,
307 975 415 1032 utrum
440 969 521 1035 duas
556 970 702 1056 notiones
726 971 852 1055 similes,
885 973 1052 1054 particulis
1081 971 1264 1055 copulatas,

199 1097 375 1159 synonyma
407 1098 477 1142 esse
500 1078 642 1144 iudicent
673 1101 714 1142 an
749 1077 790 1141 ad
826 1099 898 1143 eam
932 1078 1069 1161 figuram
1105 1084 1265 1159 revocent,

200 1205 282 1266 quae
305 1183 482 1268 hendiadys
507 1185 636 1265 dicitur3
663 1184 748 1267 quod
773 1184 949 1249 diiudicatn
972 1184 1059 1249 haud
1083 1206 1157 1248 raro
1182 1184 1265 1248 diffi-

200 1289 350 1354 cillimum
386 1298 435 1354 est
506 1291 623 1374 Itaque
656 1293 838 1375 quicunque
876 1292 916 1357 de
949 1292 1132 1375 synonymis
1172 1311 1267 1373 agere
1388 1316 1391 1321 ·

199 1399 275 1482 vult,
299 1397 405 1462 facere
428 1420 492 1462 uon
515 1408 632 1483 potest,
667 1399 744 1482 quin
768 1399 808 1462 de
832 1398 935 1485 figura
959 1397 1136 1481 hendiadys
1168 1397 1266 1461 disse·
1376 1479 1380 1486 ι

199 1511 263 1590 rat3
292 1504 473 1569 huiusmodi
504 1513 610 1570 autem
633 1506 827 1584 dissertatio,
857 1508 1048 1588 praesertim
1071 1527 1143 1569 cum
1173 1526 1267 1587 syno-

201 1633 366 1694 nymorum
391 1620 423 1676 et
446 1612 624 1696 hendiadys
661 1614 806 1695 exempla
829 1612 916 1676 haud
951 1614 998 1677 ita
1026 1634 1100 1676 raro
1142 1612 1267 1676 obviam

201 1721 320 1783 sintin
352 1718 440 1782 libris
475 1718 615 1784 Liuianis
649 1733 680 1784 et
714 1719 878 1799 Tacitinis,
915 1719 1039 1801 longior
1073 1725 1132 1802 est,
1168 1739 1263 1799 quam

83 1845 86 1852 ·
203 1848 284 1908 quae
309 1827 350 1890 ad
375 1827 458 1890 hanc
486 1827 785 1891 commentationem
816 1827 1086 1891 accommodetur.
1149 1826 1267 1889 Restat

200 1934 306 2018 igitur,
335 1935 436 1999 ulad
461 1957 531 1998 eam
555 1934 690 2017 figuram
714 1942 828 2018 vertar,
854 1955 937 2017 quac
961 1934 1078 1998 dicitnr

590 2092 877 2196 polysyndeton.

291 2254 508 2339 Polysyndeto
533 2253 643 2318 Livius
668 2255 861 2338 saepissime,
887 2274 992 2335 neque
1012 2275 1086 2317 vero
1111 2253 1158 2316 ita
1181 2252 1268 2316 varie

200 2364 309 2434 utitur,
372 2361 517 2426 Adamat
557 2361 640 2426 enim
675 2362 814 2424 maxime
848 2361 1039 2446 particulam
1071 2362 1137 2446 ,et‘,
1169 2382 1266 2443 quam
1364 2393 1367 2396 >

201 2492 261 2534 11011
303 2470 398 2534 modo
437 2470 486 2534 bis
525 2471 573 2534 vel
613 2477 673 2550 10,1
710 2491 820 2533 verum
859 2470 956 2533 etiam
989 2469 1089 2532 multo
1123 2467 1266 2532 crebrius

199 2576 303 2660 ponit;
329 2597 355 2640 e.
381 2598 410 2658 g.
436 2575 562 2641 adfero:
589 2579 640 2656 33,
658 2579 749 2655 34,9
774 2573 958 2659 ,Corinthus
984 2581 1015 2639 et
1039 2574 1207 2658 Triphylia
1231 2583 1263 2639 et

199 2683 332 2747 Heraea
355 2683 485 2746 reddita
507 2683 667 2763 Achaeis,
718 2686 767 2766 10,
786 2687 837 2763 24,
859 2688 897 2746 17
921 2691 1019 2765 ,certe
1043 2681 1076 2745 id
1100 2690 1131 2746 et
1148 2688 1267 2746 natura

199 2811 337 2872 aequum
362 2798 393 2854 et
418 2791 562 2872 exemplo
587 2789 664 2854 utile
689 2812 766 2871 esse,
793 2789 889 2853 etad
913 2789 1032 2853 famam
1062 2790 1173 2872 populi
1201 2791 1267 2854 Ro·

200 2900 285 2961 mani
309 2898 488 2980 pertinere,
550 2897 664 2975 11126,
689 2901 711 2960 4
736 2897 889 2978 ,omnium
912 2917 1017 2960 rerum
1042 2897 1208 2961 arbitrium
1233 2905 1265 2962 et

200 3027 220 3068 a
242 3005 362 3089 populo
398 3011 430 3068 et
463 2996 628 3068 a'senatu
662 3010 695 3067 et
727 3003 767 3067 ab
798 3003 868 3086 ipso
902 3002 1024 3084 collega
1056 3003 1159 3069 Fabio
1195 3026 1267 3086 per·

200 3115 331 3178 missum
357 3118 426 3192 est,
484 3109 566 3175 Sunt
599 3111 662 3174 alia
684 3111 799 3193 multa,
836 3131 918 3191 quae
951 3130 1139 3176 enumerare
1168 3112 1267 3193 piget,

201 3219 380 3302 Quinquies
415 3222 468 3301 ,et‘
497 3219 655 3281 invenitur
672 3239 697 3281 e.
715 3239 741 3283 c.
759 3221 812 3299 33,
832 3222 882 3298 18,
902 3223 920 3280 3
947 3214 1046 3298 ,Galli
1064 3227 1095 3282 et
1111 3217 1265 3282 Pisuetae

132 3299 135 3321 Ι
200 3336 230 3392 ct
254 3326 409 3392 Nisuetae
435 3332 465 3389 et
490 3325 639 3389 Tamiani
663 3332 695 3388 et
718 3323 818 3388 Trahi
842 3345 882 3388 ex
899 3323 1013 3388 Africa
1037 3332 1069 3388 et
1084 3324 1264 3389 Laudiceni

199 3458 237 3499 ex
276 3435 359 3499 Asia
398 3437 509 3505 erant‘,
571 3433 680 3497 Etiam
719 3432 914 3497 notabiliora
951 3432 1015 3497 alia
1053 3440 1141 3513 sunt,
1181 3433 1267 3497 velut

200 3549 251 3627 21,
274 3549 324 3627 62,
342 3548 442 3625 2sqq,
477 3542 659 3623 ,ingenuum
694 3539 849 3605 infantem
887 3547 1094 3604 semenstrem
1128 3541 1161 3603 in
1195 3539 1266 3605 foro

200 3652 327 3716 olitorio
351 3649 548 3733 triumphum
572 3649 735 3732 clamasse,
760 3649 846 3713 etin
870 3648 941 3712 foro
962 3649 1072 3739 boario
1097 3648 1210 3712 bovem
1234 3648 1267 3712 in

198 3759 328 3823 tertiam
356 3758 627 3839 contignationem
656 3778 716 3821 sua
740 3763 854 3838 sponte
875 3756 1055 3820 escendisse
1072 3762 1169 3837 atque
1192 3754 1267 3818 inde

200 3867 337 3930 tumultu
360 3865 579 3929 habitatorum
608 3864 754 3928 territum
788 3884 856 3927 sese
881 3863 1043 3944 deiecisse,
1079 3870 1111 3928 et
1140 3862 1267 3926 nauum

201 3973 339 4053 speciem
364 3971 404 4036 de
428 3972 517 4036 caelo
542 3970 721 4051 adfulsisse,
747 3979 778 4034 et
802 3971 914 4035 aedem
940 3970 1025 4056 Spei,
1056 3991 1138 4053 quae
1163 3977 1212 4034 est
1234 3969 1286 4052 in¹

199 4078 268 4143 foro
293 4081 428 4162 olitorio,
453 4079 585 4144 fulmine
609 4078 719 4158 ictam3
755 4086 786 4142 et
809 4078 934 4143 Lanuvi
966 4079 1093 4142 hastam
1126 4098 1268 4142 0000111-

200 4186 344 4267 movisse,
375 4194 406 4251 et
430 4209 558 4253 corvum
582 4187 614 4248 in
640 4184 751 4248 aedem
768 4185 900 4250 lunonis
926 4186 1091 4250 devolasse
1114 4193 1211 4267 atque
1234 4185 1268 4247 in

199 4295 269 4377 ipso
293 4293 470 4378 pulvinario
496 4292 687 4373 consedisse,
714 4300 746 4356 et
768 4293 800 4356 in
824 4314 902 4376 agro
927 4293 1129 4358 Amiternino
1158 4293 1266 4357 multis

199 4402 277 4468 locis
313 4400 478 4466 hominum
513 4403 620 4488 specie
652 4400 765 4483 procul
798 4401 937 4466 candida
971 4409 1058 4466 veste
1090 4402 1174 4469 visos
1209 4421 1268 4466 nec
