2836 4846
588 298 809 361 ..18-

166 509 238 554 cum
262 511 301 555 ex
316 490 424 556 multis
448 497 590 556 veterum
614 492 803 557 testimoniis
821 494 1033 576 cognoscitur,
1059 496 1114 577 qui
1136 516 1229 578 prae-

166 603 261 680 cepta
284 596 441 663 adferunt
464 596 591 665 aLivio
616 599 656 663 de
680 600 795 665 studiis
818 601 986 665 rhetoricis
1011 600 1128 687 data,¹)
1157 608 1227 666 tum

166 725 207 769 ex
229 705 450 790 ipsc'dicendi
473 727 599 790 genere.
647 705 744 789 Quod
775 707 864 772 haud
889 730 963 774 raro
996 709 1172 793 esimplici
1198 715 1230 774 et

54 810 59 819 '
167 812 290 877 sincero
307 812 516 878 artificiosum
537 813 657 878 factum
683 821 731 877 est
755 821 786 878 et
803 816 992 897 speciosum,
1017 817 1064 879 ita
1088 815 1228 897 quidem,

166 925 201 982 ut
217 918 362 984 homines
388 920 438 985 vel
454 942 515 1003 rea,
542 943 624 1003 quae
640 921 908 1005 describerentur,
926 922 1062 988 clariore
1087 922 1229 1006 quodam

166 1025 437 1109 perfunderent-ur
459 1028 579 1092 lumine
603 1036 634 1092 et
649 1029 866 1094 vehementius
883 1037 1104 1112 permoverent
1120 1030 1226 1113 legen·

166 1133 246 1197 tium
270 1135 402 1203 animos,
450 1135 567 1218 Itaque
591 1136 751 1200 orationes
776 1135 903 1201 aLivio
927 1138 1106 1204 narrationi
1129 1139 1229 1201 inter·

166 1242 292 1324 positae
305 1243 435 1306 summis
448 1264 574 1327 semper
585 1241 734 1306 laudibus
747 1243 927 1307 celebratae
940 1251 1013 1307 sunt
1026 1265 1045 1307 a
1056 1245 1225 1324 veteribus,

167 1349 288 1432 optimo
312 1350 395 1434 iure;
418 1351 567 1414 uirtutem
592 1351 674 1413 enim
691 1356 723 1414 et
738 1351 970 1435 praestantiam
988 1351 1084 1415 animi
1103 1349 1229 1415 Liviani

166 1455 414 1520 luculentissime
437 1456 592 1540 produnt,
638 1456 760 1521 Tamen
788 1457 885 1521 etiam
910 1464 1008 1539 atque
1037 1458 1133 1522 etiam
1160 1480 1227 1523 mo·

134 1640 136 1645 ¹
166 1560 306 1627 nendum
337 1571 387 1628 est
409 1585 647 1646 nonnunquam,
680 1585 784 1646 neque
814 1564 918 1629 solum
950 1564 983 1627 in
1014 1564 1223 1646 orationibus,

166 1667 346 1734 rhetoricae
379 1671 544 1754 aliquanto
569 1670 793 1748 studiosiorem
825 1670 923 1735 fuisse
947 1671 1145 1754 scriptorem,
1179 1672 1226 1735 ita

167 1783 203 1839 ut
226 1779 395 1843 materiam
419 1799 496 1861 prae
520 1777 647 1842 dicendi
679 1778 784 1843 forma
808 1779 991 1861 neglegeret
1022 1777 1230 1860 artificiisque

168 1882 383 1949 oblectaretur
411 1886 452 1950 ad
477 1885 665 1968 dignitatem
689 1888 842 1952 orationis
870 1887 999 1951 minime
1027 1886 1223 1955 necessariis,

168 1986 264 2070 Quod
288 1992 348 2056 sibi
372 1993 588 2078 persuadebit,
618 1996 798 2077 quicunque
821 1995 1004 2078 perlegerit,
1035 2015 1116 2076 quae
1139 1992 1224 2056 infra

168 2095 313 2164 devitiis
339 2101 531 2183 quibusdam
555 2103 680 2182 generis
705 2099 832 2165 dicendi
856 2101 1069 2183 exposuimus.

256 2206 334 2271 Jam
357 2215 393 2272 ut
417 2209 458 2272 ad
487 2209 612 2290 singula
635 2209 806 2289 veniamne,
843 2229 895 2273 eas
921 2206 1047 2272 dicendi
1079 2206 1223 2290 proprie·

167 2319 250 2378 tates
268 2315 418 2399 elegimus
436 2316 631 2395 tractandas,
657 2336 674 2379 e
692 2315 805 2397 quibus
827 2314 1044 2396 discrepantia
1060 2313 1228 2379 Tacitinae

168 2424 323 2487 orationis
347 2432 378 2487 et
402 2423 554 2487 Livianae
578 2423 752 2487 clarissime
781 2424 882 2505 possit
904 2422 1064 2507 intellegi;
1093 2443 1224 2503 agemus

168 2531 264 2611 igitur
287 2530 426 2614 primum
450 2530 490 2594 de
513 2531 669 2596 brevitate
693 2528 828 2610 dicendi,
859 2529 974 2594 deinde
1002 2528 1042 2594 dc
1066 2530 1221 2610 ubertate,

168 2644 236 2701 tum
268 2637 308 2701 de
332 2639 515 2721 variatione,
547 2638 597 2701 cui
629 2645 794 2719 tamquam
826 2637 1035 2721 appendicem
1067 2635 1107 2700 de
1138 2636 1220 2699 vitiis

170 2744 362 2826 quibusdam
386 2746 509 2826 generis
535 2743 662 2809 dicendi
684 2765 789 2828 pauca
813 2744 978 2809 addemus.

257 2851 302 2916 Et
325 2852 463 2934 primum
481 2851 609 2935 quidem
635 2850 761 2915 dicendi
777 2851 964 2916 brevitatem
982 2858 1109 2914 constat
1133 2872 1229 2932 quam

168 2960 304 3023 maxime
328 2980 484 3044 apparere
506 2961 539 3023 in
564 2960 668 3043 ellipsi
691 2981 774 3042 quae
798 2958 923 3023 dicatur
945 2958 1097 3022 orationis
1113 2957 1229 3039 figura,

168 3067 209 3131 In
237 3089 301 3150 qua
333 3067 522 3151 usurpanda
556 3087 751 3150 quamquam
783 3066 877 3130 valde
910 3066 1073 3148 discrepat
1097 3064 1228 3130 Tacitus

169 3195 240 3238 cum
263 3173 364 3255 Livio,
399 3183 507 3239 tamen
541 3182 629 3239 certa
653 3173 812 3258 quaedam
845 3176 912 3238 eius
945 3195 1064 3256 genera
1096 3173 1229 3257 paribus
1292 3189 1294 3196 ⁴

169 3289 304 3363 uterque
337 3282 460 3363 legibus
485 3283 666 3366 usurpavit;
699 3283 809 3363 itaque
842 3281 998 3347 hocloco
1034 3301 1072 3344 ea
1106 3287 1231 3345 tantum

170 3391 289 3473 ellipsis
307 3411 425 3472 genera
443 3389 661 3469 tractabimus,
688 3409 779 3471 quae,
805 3389 920 3472 quibus
944 3388 1039 3452 rebus
1064 3386 1228 3451 differata

169 3497 304 3562 Liuiano
330 3496 457 3561 dicendi
481 3519 579 3579 genus
596 3497 788 3579 Tacitinum,
814 3497 931 3560 clarius
956 3493 1137 3559 ostendant.
1185 3493 1230 3557 Et

170 3606 295 3670 initium
320 3605 473 3669 faciemus
498 3605 539 3668 ab

515 3784 638 3884 [tlipsi
670 3783 890 3883 praedicati.

259 3926 520 3992 Consentaneum
544 3935 593 3991 est
621 3925 725 3992 omitti
748 3924 897 3989 facillime
928 3923 1059 3988 verbum
1088 3924 1233 3988 substan·

171 4036 284 4118 tivum3
309 4033 396 4117 quod
421 4035 446 4098 si
462 4055 657 4117 unoquoque
673 4033 755 4113 loco,
781 4053 844 4116 quo
869 4031 945 4116 poni
962 4030 1108 4113 debebat,
1134 4051 1233 4115 pone·

170 4145 435 4248 Tesmine.
456 4178 521 4231 aaa
542 4194 581 4233 or.
600 4175 639 4244 Π,
664 4178 689 4244 a,
715 4176 757 4230 20.
794 4175 832 4230 a.
855 4173 939 4247 mn,
959 4173 983 4245 a,
1005 4174 1046 4230 rs.
1084 4173 1120 4244 x,
1142 4177 1164 4246 1,
1183 4172 1233 4246 aa,

172 4267 269 4325 Seuec.
288 4272 376 4324 contr.
397 4267 449 4340 IX,
468 4267 511 4338 25,
531 4265 573 4322 26.
611 4268 649 4322 ib.
667 4269 710 4337 at,
731 4265 772 4322 14.
