<?xml version="1.0" encoding="UTF-8"?>
<!DOCTYPE html PUBLIC "-//W3C//DTD XHTML 1.0 Transitional//EN"
    "http://www.w3.org/TR/xhtml1/DTD/xhtml1-transitional.dtd">
<html xmlns="http://www.w3.org/1999/xhtml" xml:lang="en" lang="en">
 <head>
  <title>
</title>
<meta http-equiv="Content-Type" content="text/html;charset=utf-8" />
  <meta name='ocr-system' content='tesseract 3.04.00' />
  <meta name='ocr-capabilities' content='ocr_page ocr_carea ocr_par ocr_line ocrx_word'/>
</head>
<body>
  <div class='ocr_page' id='page_1' title='image "./dicendigenustac00petzgoog_0057.png"; bbox 0 0 2836 4846; ppageno 0'>
   <div class='ocr_carea' id='block_1_1' title="bbox 568 294 816 364">
    <p class='ocr_par' dir='ltr' id='par_1_1' title="bbox 568 294 816 364">
     <span class='ocr_line' id='line_1_1' title="bbox 568 294 816 364; baseline 0 -17"><span class='ocrx_word' id='word_1_1' title='bbox 568 294 816 364; x_wconf 66' lang='lat'>.-52..</span> 
     </span>
    </p>
   </div>
   <div class='ocr_carea' id='block_1_2' title="bbox 83 492 1241 1113">
    <p class='ocr_par' dir='ltr' id='par_1_2' title="bbox 83 492 1241 1113">
     <span class='ocr_line' id='line_1_2' title="bbox 171 492 1237 579; baseline 0 -21"><span class='ocrx_word' id='word_1_2' title='bbox 171 492 306 559; x_wconf 90' lang='lat' dir='ltr'>bachius</span> <span class='ocrx_word' id='word_1_3' title='bbox 329 494 539 579; x_wconf 78' lang='lat' dir='ltr'>intellegeret,</span> <span class='ocrx_word' id='word_1_4' title='bbox 564 493 680 559; x_wconf 87' lang='lat' dir='ltr'>deinde</span> <span class='ocrx_word' id='word_1_5' title='bbox 704 516 775 559; x_wconf 90' lang='lat' dir='ltr'>cum</span> <span class='ocrx_word' id='word_1_6' title='bbox 800 493 921 560; x_wconf 89' lang='lat' dir='ltr'>diceret</span> <span class='ocrx_word' id='word_1_7' title='bbox 944 492 1237 576; x_wconf 84' lang='lat' dir='ltr'>Naegelsbachium</span> 
     </span>
     <span class='ocr_line' id='line_1_3' title="bbox 173 600 1238 687; baseline 0 -23"><span class='ocrx_word' id='word_1_8' title='bbox 173 600 241 665; x_wconf 89' lang='lat' dir='ltr'>eius</span> <span class='ocrx_word' id='word_1_9' title='bbox 264 622 357 665; x_wconf 89' lang='lat' dir='ltr'>usum</span> <span class='ocrx_word' id='word_1_10' title='bbox 370 600 513 684; x_wconf 88' lang='lat' dir='ltr'>proferre</span> <span class='ocrx_word' id='word_1_11' title='bbox 527 603 624 667; x_wconf 87' lang='lat' dir='ltr'>etiam</span> <span class='ocrx_word' id='word_1_12' title='bbox 642 602 683 667; x_wconf 92' lang='lat' dir='ltr'>ad</span> <span class='ocrx_word' id='word_1_13' title='bbox 695 603 918 687; x_wconf 75' lang='lat' dir='ltr'>repetitionem</span> <span class='ocrx_word' id='word_1_14' title='bbox 933 600 1077 666; x_wconf 86' lang='lat' dir='ltr'>eiusdem</span> <span class='ocrx_word' id='word_1_15' title='bbox 1091 601 1238 666; x_wconf 78' lang='lat' dir='ltr'>vocabuli</span> 
     </span>
     <span class='ocr_line' id='line_1_4' title="bbox 172 707 1238 792; baseline 0 -20"><span class='ocrx_word' id='word_1_16' title='bbox 172 707 404 772; x_wconf 84' lang='lat' dir='ltr'>sententiarum</span> <span class='ocrx_word' id='word_1_17' title='bbox 428 708 520 773; x_wconf 89' lang='lat' dir='ltr'>initio</span> <span class='ocrx_word' id='word_1_18' title='bbox 536 708 664 789; x_wconf 84' lang='lat' dir='ltr'>factam,</span> <span class='ocrx_word' id='word_1_19' title='bbox 690 709 777 792; x_wconf 87' lang='lat' dir='ltr'>quod</span> <span class='ocrx_word' id='word_1_20' title='bbox 793 709 967 774; x_wconf 82' lang='lat' dir='ltr'>insolenter</span> <span class='ocrx_word' id='word_1_21' title='bbox 984 708 1105 783; x_wconf 87' lang='lat' dir='ltr'>factum</span> <span class='ocrx_word' id='word_1_22' title='bbox 1122 707 1238 772; x_wconf 83' lang='lat' dir='ltr'>lanum</span> 
     </span>
     <span class='ocr_line' id='line_1_5' title="bbox 175 811 1241 898; baseline 0.002 -21"><span class='ocrx_word' id='word_1_23' title='bbox 175 811 396 898; x_wconf 77' lang='lat' dir='ltr'>ostendisse.¹)</span> <span class='ocrx_word' id='word_1_24' title='bbox 443 813 492 879; x_wconf 92' lang='lat' dir='ltr'>At</span> <span class='ocrx_word' id='word_1_25' title='bbox 516 816 657 880; x_wconf 83' lang='lat' dir='ltr'>ostendit</span> <span class='ocrx_word' id='word_1_26' title='bbox 672 815 773 880; x_wconf 88' lang='lat' dir='ltr'>Ianus</span> <span class='ocrx_word' id='word_1_27' title='bbox 797 816 972 880; x_wconf 89' lang='lat' dir='ltr'>insolenter</span> <span class='ocrx_word' id='word_1_28' title='bbox 989 822 1145 879; x_wconf 88' lang='lat' dir='ltr'>statutam</span> <span class='ocrx_word' id='word_1_29' title='bbox 1170 835 1241 880; x_wconf 89' lang='lat' dir='ltr'>esse</span> 
     </span>
     <span class='ocr_line' id='line_1_6' title="bbox 83 920 1241 1006; baseline 0.001 -21"><span class='ocrx_word' id='word_1_30' title='bbox 83 931 86 935; x_wconf 89' lang='grc'><strong>’</strong></span> <span class='ocrx_word' id='word_1_31' title='bbox 173 943 246 986; x_wconf 86' lang='lat' dir='ltr'>eam</span> <span class='ocrx_word' id='word_1_32' title='bbox 269 920 392 1004; x_wconf 84' lang='lat' dir='ltr'>figurae</span> <span class='ocrx_word' id='word_1_33' title='bbox 416 923 488 1006; x_wconf 88' lang='lat' dir='ltr'>vim,</span> <span class='ocrx_word' id='word_1_34' title='bbox 513 944 596 1004; x_wconf 91' lang='lat' dir='ltr'>quae</span> <span class='ocrx_word' id='word_1_35' title='bbox 617 924 649 986; x_wconf 93' lang='lat' dir='ltr'>iu</span> <span class='ocrx_word' id='word_1_36' title='bbox 666 922 828 1006; x_wconf 79' lang='lat' dir='ltr'>aequabili</span> <span class='ocrx_word' id='word_1_37' title='bbox 845 923 946 989; x_wconf 88' lang='lat' dir='ltr'>totius</span> <span class='ocrx_word' id='word_1_38' title='bbox 962 923 1131 989; x_wconf 87' lang='lat' dir='ltr'>verborum</span> <span class='ocrx_word' id='word_1_39' title='bbox 1150 922 1241 987; x_wconf 89' lang='lat' dir='ltr'>seriei</span> 
     </span>
     <span class='ocr_line' id='line_1_7' title="bbox 173 1022 1241 1113; baseline 0.002 -21"><span class='ocrx_word' id='word_1_40' title='bbox 173 1028 383 1094; x_wconf 83' lang='lat' dir='ltr'>collocatione</span> <span class='ocrx_word' id='word_1_41' title='bbox 408 1022 463 1109; x_wconf 71' lang='lat' dir='ltr'>sit,</span> <span class='ocrx_word' id='word_1_42' title='bbox 489 1052 583 1113; x_wconf 91' lang='lat' dir='ltr'>quam</span> <span class='ocrx_word' id='word_1_43' title='bbox 608 1031 710 1113; x_wconf 84' lang='lat' dir='ltr'>ipsam</span> <span class='ocrx_word' id='word_1_44' title='bbox 734 1031 883 1113; x_wconf 90' lang='lat' dir='ltr'>probavit</span> <span class='ocrx_word' id='word_1_45' title='bbox 907 1029 1133 1094; x_wconf 90' lang='lat' dir='ltr'>Kuehnastius</span> <span class='ocrx_word' id='word_1_46' title='bbox 1155 1027 1241 1094; x_wconf 89' lang='lat' dir='ltr'>Nae·</span> 
     </span>
    </p>
   </div>
   <div class='ocr_carea' id='block_1_3' title="bbox 28 1135 1240 1218">
    <p class='ocr_par' dir='ltr' id='par_1_3' title="bbox 28 1135 1240 1218">
     <span class='ocr_line' id='line_1_8' title="bbox 28 1135 1240 1218; baseline 0.002 -18"><span class='ocrx_word' id='word_1_47' title='bbox 28 1156 32 1163; x_wconf 90' lang='lat'><em>·</em></span> <span class='ocrx_word' id='word_1_48' title='bbox 90 1180 94 1191; x_wconf 63' lang='lat'>=</span> <span class='ocrx_word' id='word_1_49' title='bbox 173 1135 361 1218; x_wconf 84' lang='lat' dir='ltr'>gelsbachio</span> <span class='ocrx_word' id='word_1_50' title='bbox 385 1144 523 1207; x_wconf 86' lang='lat' dir='ltr'>auctore.</span> <span class='ocrx_word' id='word_1_51' title='bbox 563 1135 629 1202; x_wconf 85' lang='lat' dir='ltr'>Sed</span> <span class='ocrx_word' id='word_1_52' title='bbox 641 1137 727 1201; x_wconf 93' lang='lat' dir='ltr'>hunc</span> <span class='ocrx_word' id='word_1_53' title='bbox 744 1159 884 1203; x_wconf 91' lang='lat' dir='ltr'>errorem</span> <span class='ocrx_word' id='word_1_54' title='bbox 901 1140 979 1204; x_wconf 85' lang='lat' dir='ltr'>eatis</span> <span class='ocrx_word' id='word_1_55' title='bbox 998 1146 1048 1203; x_wconf 87' lang='lat' dir='ltr'>est</span> <span class='ocrx_word' id='word_1_56' title='bbox 1063 1139 1240 1218; x_wconf 82' lang='lat' dir='ltr'>notavisse3</span> 
     </span>
    </p>
   </div>
   <div class='ocr_carea' id='block_1_4' title="bbox 173 1242 1284 4239">
    <p class='ocr_par' dir='ltr' id='par_1_4' title="bbox 173 1242 1254 1542">
     <span class='ocr_line' id='line_1_9' title="bbox 175 1242 1254 1327; baseline 0.001 -21"><span class='ocrx_word' id='word_1_57' title='bbox 175 1249 318 1308; x_wconf 88' lang='lat' dir='ltr'>ceterum</span> <span class='ocrx_word' id='word_1_58' title='bbox 343 1242 566 1308; x_wconf 84' lang='lat' dir='ltr'>Kuehnastius</span> <span class='ocrx_word' id='word_1_59' title='bbox 600 1266 660 1309; x_wconf 90' lang='lat' dir='ltr'>usu</span> <span class='ocrx_word' id='word_1_60' title='bbox 692 1246 803 1309; x_wconf 90' lang='lat' dir='ltr'>tritam</span> <span class='ocrx_word' id='word_1_61' title='bbox 836 1245 957 1327; x_wconf 83' lang='lat' dir='ltr'>figurae</span> <span class='ocrx_word' id='word_1_62' title='bbox 989 1246 1153 1309; x_wconf 91' lang='lat' dir='ltr'>notionem</span> <span class='ocrx_word' id='word_1_63' title='bbox 1177 1266 1254 1309; x_wconf 44' lang='lat' dir='ltr'>non&gt;</span> 
     </span>
     <span class='ocr_line' id='line_1_10' title="bbox 176 1351 1242 1436; baseline 0.003 -23"><span class='ocrx_word' id='word_1_64' title='bbox 176 1351 276 1435; x_wconf 88' lang='lat' dir='ltr'>reicit,</span> <span class='ocrx_word' id='word_1_65' title='bbox 301 1351 444 1434; x_wconf 84' lang='lat' dir='ltr'>appellat</span> <span class='ocrx_word' id='word_1_66' title='bbox 468 1357 576 1415; x_wconf 87' lang='lat' dir='ltr'>autem</span> <span class='ocrx_word' id='word_1_67' title='bbox 599 1352 811 1422; x_wconf 85' lang='lat' dir='ltr'>iterationem.</span> <span class='ocrx_word' id='word_1_68' title='bbox 852 1352 969 1436; x_wconf 89' lang='lat' dir='ltr'>Neque</span> <span class='ocrx_word' id='word_1_69' title='bbox 994 1375 1067 1417; x_wconf 86' lang='lat' dir='ltr'>vero</span> <span class='ocrx_word' id='word_1_70' title='bbox 1085 1351 1125 1416; x_wconf 93' lang='lat' dir='ltr'>de</span> <span class='ocrx_word' id='word_1_71' title='bbox 1141 1352 1242 1416; x_wconf 93' lang='lat' dir='ltr'>nomi·</span> 
     </span>
     <span class='ocr_line' id='line_1_11' title="bbox 173 1456 881 1542; baseline 0.006 -22"><span class='ocrx_word' id='word_1_72' title='bbox 173 1458 265 1522; x_wconf 89' lang='lat' dir='ltr'>nibus</span> <span class='ocrx_word' id='word_1_73' title='bbox 290 1456 517 1542; x_wconf 80' lang='lat' dir='ltr'>disceptamus,</span> <span class='ocrx_word' id='word_1_74' title='bbox 542 1459 714 1523; x_wconf 88' lang='lat' dir='ltr'>transimus</span> <span class='ocrx_word' id='word_1_75' title='bbox 740 1459 780 1523; x_wconf 91' lang='lat' dir='ltr'>ad</span> <span class='ocrx_word' id='word_1_76' title='bbox 804 1482 881 1524; x_wconf 89' lang='lat' dir='ltr'>rem.</span> 
     </span>
    </p>

    <p class='ocr_par' dir='ltr' id='par_1_5' title="bbox 173 1564 1284 3365">
     <span class='ocr_line' id='line_1_12' title="bbox 262 1564 1242 1648; baseline 0 -19"><span class='ocrx_word' id='word_1_77' title='bbox 262 1564 315 1629; x_wconf 87' lang='lat' dir='ltr'>Ac</span> <span class='ocrx_word' id='word_1_78' title='bbox 347 1565 456 1629; x_wconf 88' lang='lat' dir='ltr'>statim</span> <span class='ocrx_word' id='word_1_79' title='bbox 489 1566 589 1630; x_wconf 91' lang='lat' dir='ltr'>multo</span> <span class='ocrx_word' id='word_1_80' title='bbox 622 1567 745 1631; x_wconf 90' lang='lat' dir='ltr'>maiore</span> <span class='ocrx_word' id='word_1_81' title='bbox 779 1589 851 1631; x_wconf 89' lang='lat' dir='ltr'>oum</span> <span class='ocrx_word' id='word_1_82' title='bbox 876 1567 984 1630; x_wconf 89' lang='lat' dir='ltr'>studio</span> <span class='ocrx_word' id='word_1_83' title='bbox 1009 1571 1107 1648; x_wconf 88' lang='lat' dir='ltr'>atque</span> <span class='ocrx_word' id='word_1_84' title='bbox 1132 1587 1242 1630; x_wconf 89' lang='lat' dir='ltr'>amore</span> 
     </span>
     <span class='ocr_line' id='line_1_13' title="bbox 173 1670 1243 1756; baseline 0.003 -22"><span class='ocrx_word' id='word_1_85' title='bbox 173 1671 376 1755; x_wconf 86' lang='lat' dir='ltr'>anaphoram</span> <span class='ocrx_word' id='word_1_86' title='bbox 416 1670 543 1736; x_wconf 87' lang='lat' dir='ltr'>Livium</span> <span class='ocrx_word' id='word_1_87' title='bbox 583 1673 734 1756; x_wconf 87' lang='lat' dir='ltr'>amplecti</span> <span class='ocrx_word' id='word_1_88' title='bbox 773 1696 869 1756; x_wconf 92' lang='lat' dir='ltr'>quam</span> <span class='ocrx_word' id='word_1_89' title='bbox 905 1672 1055 1738; x_wconf 78' lang='lat' dir='ltr'>Tacitum</span> <span class='ocrx_word' id='word_1_90' title='bbox 1091 1673 1243 1737; x_wconf 88' lang='lat' dir='ltr'>facillime</span> 
     </span>
     <span class='ocr_line' id='line_1_14' title="bbox 174 1778 1243 1865; baseline 0.001 -24"><span class='ocrx_word' id='word_1_91' title='bbox 174 1778 352 1862; x_wconf 84' lang='lat' dir='ltr'>apparebit,</span> <span class='ocrx_word' id='word_1_92' title='bbox 378 1798 448 1841; x_wconf 90' lang='lat' dir='ltr'>oum</span> <span class='ocrx_word' id='word_1_93' title='bbox 474 1778 616 1861; x_wconf 85' lang='lat' dir='ltr'>singulas</span> <span class='ocrx_word' id='word_1_94' title='bbox 642 1779 798 1862; x_wconf 87' lang='lat' dir='ltr'>quasdam</span> <span class='ocrx_word' id='word_1_95' title='bbox 822 1789 931 1865; x_wconf 88' lang='lat' dir='ltr'>partes</span> <span class='ocrx_word' id='word_1_96' title='bbox 958 1801 996 1843; x_wconf 87' lang='lat' dir='ltr'>ex</span> <span class='ocrx_word' id='word_1_97' title='bbox 1013 1800 1123 1844; x_wconf 90' lang='lat' dir='ltr'>eorum</span> <span class='ocrx_word' id='word_1_98' title='bbox 1141 1780 1243 1862; x_wconf 90' lang='lat' dir='ltr'>operi-</span> 
     </span>
     <span class='ocr_line' id='line_1_15' title="bbox 173 1885 1284 1970; baseline 0 -21"><span class='ocrx_word' id='word_1_99' title='bbox 173 1885 233 1949; x_wconf 91' lang='lat' dir='ltr'>bus</span> <span class='ocrx_word' id='word_1_100' title='bbox 258 1886 394 1951; x_wconf 83' lang='lat' dir='ltr'>selectas</span> <span class='ocrx_word' id='word_1_101' title='bbox 427 1887 510 1950; x_wconf 91' lang='lat' dir='ltr'>inter</span> <span class='ocrx_word' id='word_1_102' title='bbox 534 1906 569 1951; x_wconf 89' lang='lat' dir='ltr'>se</span> <span class='ocrx_word' id='word_1_103' title='bbox 594 1888 831 1952; x_wconf 87' lang='lat' dir='ltr'>contulerimus.</span> <span class='ocrx_word' id='word_1_104' title='bbox 883 1886 989 1970; x_wconf 76' lang='lat' dir='ltr'>Quam</span> <span class='ocrx_word' id='word_1_105' title='bbox 1014 1887 1147 1951; x_wconf 87' lang='lat' dir='ltr'>adrem</span> <span class='ocrx_word' id='word_1_106' title='bbox 1172 1908 1243 1969; x_wconf 91' lang='lat' dir='ltr'>per·</span> <span class='ocrx_word' id='word_1_107' title='bbox 1281 1894 1284 1899; x_wconf 84' lang='lat'>&#39;</span> 
     </span>
     <span class='ocr_line' id='line_1_16' title="bbox 173 1991 1242 2077; baseline 0.001 -21"><span class='ocrx_word' id='word_1_108' title='bbox 173 1991 339 2057; x_wconf 87' lang='lat' dir='ltr'>ficiendam</span> <span class='ocrx_word' id='word_1_109' title='bbox 370 2014 441 2056; x_wconf 91' lang='lat' dir='ltr'>cum</span> <span class='ocrx_word' id='word_1_110' title='bbox 465 1994 582 2058; x_wconf 92' lang='lat' dir='ltr'>librum</span> <span class='ocrx_word' id='word_1_111' title='bbox 606 1996 743 2077; x_wconf 91' lang='lat' dir='ltr'>primum</span> <span class='ocrx_word' id='word_1_112' title='bbox 759 1995 979 2060; x_wconf 85' lang='lat' dir='ltr'>Historiarum</span> <span class='ocrx_word' id='word_1_113' title='bbox 995 1995 1102 2059; x_wconf 83' lang='lat' dir='ltr'>Faciti</span> <span class='ocrx_word' id='word_1_114' title='bbox 1126 1995 1242 2076; x_wconf 81' lang='lat' dir='ltr'>eligere</span> 
     </span>
     <span class='ocr_line' id='line_1_17' title="bbox 174 2094 1242 2186; baseline 0.002 -23"><span class='ocrx_word' id='word_1_115' title='bbox 174 2094 338 2181; x_wconf 79' lang='lat' dir='ltr'>vellemne,</span> <span class='ocrx_word' id='word_1_116' title='bbox 357 2103 471 2182; x_wconf 91' lang='lat' dir='ltr'>quibus</span> <span class='ocrx_word' id='word_1_117' title='bbox 489 2103 626 2186; x_wconf 91' lang='lat' dir='ltr'>primum</span> <span class='ocrx_word' id='word_1_118' title='bbox 644 2101 753 2166; x_wconf 90' lang='lat' dir='ltr'>adres</span> <span class='ocrx_word' id='word_1_119' title='bbox 775 2101 961 2167; x_wconf 88' lang='lat' dir='ltr'>scribendas</span> <span class='ocrx_word' id='word_1_120' title='bbox 979 2123 1051 2166; x_wconf 87' lang='lat' dir='ltr'>vere</span> <span class='ocrx_word' id='word_1_121' title='bbox 1072 2123 1242 2183; x_wconf 84' lang='lat' dir='ltr'>aggressus</span> 
     </span>
     <span class='ocr_line' id='line_1_18' title="bbox 175 2205 1244 2292; baseline 0.003 -22"><span class='ocrx_word' id='word_1_122' title='bbox 175 2213 223 2271; x_wconf 89' lang='lat' dir='ltr'>est</span> <span class='ocrx_word' id='word_1_123' title='bbox 259 2205 309 2290; x_wconf 90' lang='lat' dir='ltr'>(ut</span> <span class='ocrx_word' id='word_1_124' title='bbox 343 2207 382 2271; x_wconf 91' lang='lat' dir='ltr'>de</span> <span class='ocrx_word' id='word_1_125' title='bbox 409 2207 565 2290; x_wconf 86' lang='lat' dir='ltr'>Agricola</span> <span class='ocrx_word' id='word_1_126' title='bbox 603 2215 786 2292; x_wconf 81' lang='lat' dir='ltr'>taceamus,</span> <span class='ocrx_word' id='word_1_127' title='bbox 817 2210 871 2292; x_wconf 93' lang='lat' dir='ltr'>qui</span> <span class='ocrx_word' id='word_1_128' title='bbox 911 2231 973 2292; x_wconf 92' lang='lat' dir='ltr'>quo</span> <span class='ocrx_word' id='word_1_129' title='bbox 1010 2216 1142 2292; x_wconf 88' lang='lat' dir='ltr'>spectet,</span> <span class='ocrx_word' id='word_1_130' title='bbox 1183 2210 1244 2273; x_wconf 82' lang='lat' dir='ltr'>viri</span> 
     </span>
     <span class='ocr_line' id='line_1_19' title="bbox 174 2313 1243 2404; baseline 0.001 -26"><span class='ocrx_word' id='word_1_131' title='bbox 174 2313 350 2378; x_wconf 85' lang='lat' dir='ltr'>doctissimi</span> <span class='ocrx_word' id='word_1_132' title='bbox 386 2316 567 2380; x_wconf 87' lang='lat' dir='ltr'>etiamnunc</span> <span class='ocrx_word' id='word_1_133' title='bbox 592 2315 769 2404; x_wconf 88' lang='lat' dir='ltr'>dubitant):</span> <span class='ocrx_word' id='word_1_134' title='bbox 803 2315 866 2379; x_wconf 90' lang='lat' dir='ltr'>hoc</span> <span class='ocrx_word' id='word_1_135' title='bbox 900 2337 965 2381; x_wconf 93' lang='lat' dir='ltr'>non</span> <span class='ocrx_word' id='word_1_136' title='bbox 998 2315 1143 2399; x_wconf 88' lang='lat' dir='ltr'>fecimus,</span> <span class='ocrx_word' id='word_1_137' title='bbox 1169 2317 1243 2398; x_wconf 91' lang='lat' dir='ltr'>quia</span> 
     </span>
     <span class='ocr_line' id='line_1_20' title="bbox 174 2413 1243 2506; baseline 0.001 -21"><span class='ocrx_word' id='word_1_138' title='bbox 174 2420 258 2485; x_wconf 79' lang='lat' dir='ltr'>Livii</span> <span class='ocrx_word' id='word_1_139' title='bbox 292 2413 373 2485; x_wconf 87' lang='lat' dir='ltr'>liber</span> <span class='ocrx_word' id='word_1_140' title='bbox 405 2423 543 2506; x_wconf 90' lang='lat' dir='ltr'>primus,</span> <span class='ocrx_word' id='word_1_141' title='bbox 578 2423 706 2486; x_wconf 88' lang='lat' dir='ltr'>saecula</span> <span class='ocrx_word' id='word_1_142' title='bbox 737 2423 888 2486; x_wconf 88' lang='lat' dir='ltr'>conditae</span> <span class='ocrx_word' id='word_1_143' title='bbox 920 2422 1009 2486; x_wconf 90' lang='lat' dir='ltr'>urbis</span> <span class='ocrx_word' id='word_1_144' title='bbox 1037 2423 1142 2506; x_wconf 90' lang='lat' dir='ltr'>prima</span> <span class='ocrx_word' id='word_1_145' title='bbox 1171 2444 1243 2486; x_wconf 89' lang='lat' dir='ltr'>cum</span> 
     </span>
     <span class='ocr_line' id='line_1_21' title="bbox 174 2527 1245 2612; baseline -0.001 -19"><span class='ocrx_word' id='word_1_146' title='bbox 174 2528 294 2612; x_wconf 91' lang='lat' dir='ltr'>mythis</span> <span class='ocrx_word' id='word_1_147' title='bbox 318 2527 502 2612; x_wconf 85' lang='lat' dir='ltr'>fabulisque</span> <span class='ocrx_word' id='word_1_148' title='bbox 526 2529 637 2593; x_wconf 87' lang='lat' dir='ltr'>multis</span> <span class='ocrx_word' id='word_1_149' title='bbox 661 2528 812 2612; x_wconf 84' lang='lat' dir='ltr'>referens,</span> <span class='ocrx_word' id='word_1_150' title='bbox 838 2535 941 2592; x_wconf 90' lang='lat' dir='ltr'>artem</span> <span class='ocrx_word' id='word_1_151' title='bbox 965 2529 1126 2612; x_wconf 92' lang='lat' dir='ltr'>poeticam</span> <span class='ocrx_word' id='word_1_152' title='bbox 1151 2529 1245 2592; x_wconf 87' lang='lat' dir='ltr'>nimis</span> 
     </span>
     <span class='ocr_line' id='line_1_22' title="bbox 174 2633 1245 2716; baseline 0 -17"><span class='ocrx_word' id='word_1_153' title='bbox 174 2635 308 2700; x_wconf 87' lang='lat' dir='ltr'>redolet.</span> <span class='ocrx_word' id='word_1_154' title='bbox 372 2634 589 2700; x_wconf 89' lang='lat' dir='ltr'>Praetulimus</span> <span class='ocrx_word' id='word_1_155' title='bbox 640 2635 756 2699; x_wconf 92' lang='lat' dir='ltr'>librum</span> <span class='ocrx_word' id='word_1_156' title='bbox 805 2634 943 2698; x_wconf 89' lang='lat' dir='ltr'>alterum</span> <span class='ocrx_word' id='word_1_157' title='bbox 986 2633 1090 2716; x_wconf 84' lang='lat' dir='ltr'>Livii,</span> <span class='ocrx_word' id='word_1_158' title='bbox 1139 2634 1245 2699; x_wconf 84' lang='lat' dir='ltr'>Taciti</span> 
     </span>
     <span class='ocr_line' id='line_1_23' title="bbox 175 2741 1245 2825; baseline -0.002 -19"><span class='ocrx_word' id='word_1_159' title='bbox 175 2741 397 2806; x_wconf 87' lang='lat' dir='ltr'>Historiarum</span> <span class='ocrx_word' id='word_1_160' title='bbox 422 2742 570 2824; x_wconf 88' lang='lat' dir='ltr'>alterum,</span> <span class='ocrx_word' id='word_1_161' title='bbox 596 2744 651 2825; x_wconf 92' lang='lat' dir='ltr'>qui</span> <span class='ocrx_word' id='word_1_162' title='bbox 675 2764 783 2806; x_wconf 90' lang='lat' dir='ltr'>rerum</span> <span class='ocrx_word' id='word_1_163' title='bbox 808 2744 1011 2806; x_wconf 89' lang='lat' dir='ltr'>enarratione</span> <span class='ocrx_word' id='word_1_164' title='bbox 1035 2744 1136 2824; x_wconf 86' lang='lat' dir='ltr'>magis</span> <span class='ocrx_word' id='word_1_165' title='bbox 1161 2743 1245 2807; x_wconf 90' lang='lat' dir='ltr'>inter</span> 
     </span>
     <span class='ocr_line' id='line_1_24' title="bbox 175 2849 1245 2932; baseline 0.001 -20"><span class='ocrx_word' id='word_1_166' title='bbox 175 2870 210 2912; x_wconf 90' lang='lat' dir='ltr'>se</span> <span class='ocrx_word' id='word_1_167' title='bbox 234 2849 453 2932; x_wconf 70' lang='lat' dir='ltr'>consentiant,</span> <span class='ocrx_word' id='word_1_168' title='bbox 478 2851 620 2914; x_wconf 88' lang='lat' dir='ltr'>continet</span> <span class='ocrx_word' id='word_1_169' title='bbox 644 2851 727 2914; x_wconf 92' lang='lat' dir='ltr'>enim</span> <span class='ocrx_word' id='word_1_170' title='bbox 759 2849 811 2912; x_wconf 87' lang='lat' dir='ltr'>hio</span> <span class='ocrx_word' id='word_1_171' title='bbox 839 2849 924 2913; x_wconf 92' lang='lat' dir='ltr'>bella</span> <span class='ocrx_word' id='word_1_172' title='bbox 947 2849 1149 2932; x_wconf 88' lang='lat' dir='ltr'>potissimum</span> <span class='ocrx_word' id='word_1_173' title='bbox 1173 2871 1245 2913; x_wconf 85' lang='lat' dir='ltr'>cum</span> 
     </span>
     <span class='ocr_line' id='line_1_25' title="bbox 173 2956 1245 3040; baseline -0.001 -19"><span class='ocrx_word' id='word_1_174' title='bbox 173 2956 319 3021; x_wconf 88' lang='lat' dir='ltr'>finitimis</span> <span class='ocrx_word' id='word_1_175' title='bbox 353 2957 502 3038; x_wconf 85' lang='lat' dir='ltr'>gentibus</span> <span class='ocrx_word' id='word_1_176' title='bbox 536 2964 628 3039; x_wconf 83' lang='lat' dir='ltr'>gesta</span> <span class='ocrx_word' id='word_1_177' title='bbox 660 2959 828 3040; x_wconf 89' lang='lat' dir='ltr'>primaque</span> <span class='ocrx_word' id='word_1_178' title='bbox 862 2956 981 3020; x_wconf 87' lang='lat' dir='ltr'>liberae</span> <span class='ocrx_word' id='word_1_179' title='bbox 1016 2957 1063 3020; x_wconf 90' lang='lat' dir='ltr'>rei</span> <span class='ocrx_word' id='word_1_180' title='bbox 1097 2956 1245 3040; x_wconf 87' lang='lat' dir='ltr'>publicae</span> 
     </span>
     <span class='ocr_line' id='line_1_26' title="bbox 174 3062 1245 3148; baseline 0 -20"><span class='ocrx_word' id='word_1_181' title='bbox 174 3065 337 3144; x_wconf 90' lang='lat' dir='ltr'>instituta,</span> <span class='ocrx_word' id='word_1_182' title='bbox 374 3063 428 3127; x_wconf 92' lang='lat' dir='ltr'>ille</span> <span class='ocrx_word' id='word_1_183' title='bbox 469 3064 589 3128; x_wconf 90' lang='lat' dir='ltr'>bellum</span> <span class='ocrx_word' id='word_1_184' title='bbox 631 3063 889 3130; x_wconf 87' lang='lat' dir='ltr'>Othonianorum</span> <span class='ocrx_word' id='word_1_185' title='bbox 923 3062 1245 3148; x_wconf 88' lang='lat' dir='ltr'>Vitellianorumque,</span> 
     </span>
     <span class='ocr_line' id='line_1_27' title="bbox 175 3170 1246 3256; baseline 0 -22"><span class='ocrx_word' id='word_1_186' title='bbox 175 3173 267 3236; x_wconf 91' lang='lat' dir='ltr'>initia</span> <span class='ocrx_word' id='word_1_187' title='bbox 301 3171 377 3236; x_wconf 93' lang='lat' dir='ltr'>belli</span> <span class='ocrx_word' id='word_1_188' title='bbox 411 3171 571 3256; x_wconf 86' lang='lat' dir='ltr'>Flaviani,</span> <span class='ocrx_word' id='word_1_189' title='bbox 608 3177 727 3236; x_wconf 88' lang='lat' dir='ltr'>statum</span> <span class='ocrx_word' id='word_1_190' title='bbox 761 3171 898 3235; x_wconf 84' lang='lat' dir='ltr'>civitatis</span> <span class='ocrx_word' id='word_1_191' title='bbox 930 3191 950 3232; x_wconf 90' lang='lat' dir='ltr'>a</span> <span class='ocrx_word' id='word_1_192' title='bbox 983 3170 1114 3237; x_wconf 88' lang='lat' dir='ltr'>Vitellio</span> <span class='ocrx_word' id='word_1_193' title='bbox 1147 3170 1246 3235; x_wconf 91' lang='lat' dir='ltr'>admi·</span> 
     </span>
     <span class='ocr_line' id='line_1_28' title="bbox 175 3277 964 3365; baseline -0.004 -22"><span class='ocrx_word' id='word_1_194' title='bbox 175 3280 340 3344; x_wconf 82' lang='lat' dir='ltr'>nistratae.</span> <span class='ocrx_word' id='word_1_195' title='bbox 388 3279 618 3365; x_wconf 89' lang='lat' dir='ltr'>Deprehendis</span> <span class='ocrx_word' id='word_1_196' title='bbox 642 3281 740 3362; x_wconf 84' lang='lat' dir='ltr'>igitur</span> <span class='ocrx_word' id='word_1_197' title='bbox 764 3277 964 3360; x_wconf 87' lang='lat' dir='ltr'>anaphoram</span> 
     </span>
    </p>

    <p class='ocr_par' dir='ltr' id='par_1_6' title="bbox 175 3385 1249 4239">
     <span class='ocr_line' id='line_1_29' title="bbox 264 3385 1246 3471; baseline 0 -21"><span class='ocrx_word' id='word_1_198' title='bbox 264 3387 297 3451; x_wconf 94' lang='lat' dir='ltr'>in</span> <span class='ocrx_word' id='word_1_199' title='bbox 313 3386 406 3452; x_wconf 89' lang='lat' dir='ltr'>Livio</span> <span class='ocrx_word' id='word_1_200' title='bbox 432 3393 461 3471; x_wconf 79' lang='lat'>2,</span> <span class='ocrx_word' id='word_1_201' title='bbox 485 3393 551 3469; x_wconf 88' lang='lat' dir='ltr'>l,8</span> <span class='ocrx_word' id='word_1_202' title='bbox 577 3387 696 3469; x_wconf 89' lang='lat' dir='ltr'>,omnia</span> <span class='ocrx_word' id='word_1_203' title='bbox 726 3425 758 3432; x_wconf 84' lang='lat'>-</span> <span class='ocrx_word' id='word_1_204' title='bbox 788 3385 914 3449; x_wconf 81' lang='lat' dir='ltr'>omnia‘.</span> <span class='ocrx_word' id='word_1_205' title='bbox 964 3388 1030 3470; x_wconf 56' lang='lat'>26</span> <span class='ocrx_word' id='word_1_206' title='bbox 1053 3387 1187 3470; x_wconf 83' lang='lat' dir='ltr'>,regium</span> <span class='ocrx_word' id='word_1_207' title='bbox 1204 3423 1246 3434; x_wconf 93' lang='lat'>-</span> 
     </span>
     <span class='ocr_line' id='line_1_30' title="bbox 177 3492 1246 3578; baseline 0 -21"><span class='ocrx_word' id='word_1_208' title='bbox 177 3493 322 3576; x_wconf 83' lang='lat' dir='ltr'>regium‘.</span> <span class='ocrx_word' id='word_1_209' title='bbox 370 3493 411 3557; x_wconf 92' lang='lat' dir='ltr'>ib.</span> <span class='ocrx_word' id='word_1_210' title='bbox 438 3493 482 3574; x_wconf 91' lang='lat' dir='ltr'>,id</span> <span class='ocrx_word' id='word_1_211' title='bbox 506 3534 548 3544; x_wconf 92' lang='lat'>-</span> <span class='ocrx_word' id='word_1_212' title='bbox 572 3493 626 3558; x_wconf 89' lang='lat' dir='ltr'>id‘.</span> <span class='ocrx_word' id='word_1_213' title='bbox 676 3498 742 3576; x_wconf 88' lang='lat'>3,3</span> <span class='ocrx_word' id='word_1_214' title='bbox 769 3492 834 3575; x_wconf 92' lang='lat' dir='ltr'>,ubi</span> <span class='ocrx_word' id='word_1_215' title='bbox 858 3530 901 3540; x_wconf 93' lang='lat'>-—</span> <span class='ocrx_word' id='word_1_216' title='bbox 925 3492 1001 3557; x_wconf 88' lang='lat' dir='ltr'>ubi‘.</span> <span class='ocrx_word' id='word_1_217' title='bbox 1040 3492 1082 3556; x_wconf 91' lang='lat' dir='ltr'>ib.</span> <span class='ocrx_word' id='word_1_218' title='bbox 1108 3514 1246 3578; x_wconf 84' lang='lat' dir='ltr'>,esse—</span> 
     </span>
     <span class='ocr_line' id='line_1_31' title="bbox 177 3599 1247 3684; baseline 0.001 -19"><span class='ocrx_word' id='word_1_219' title='bbox 177 3604 267 3666; x_wconf 86' lang='lat' dir='ltr'>esse‘.</span> <span class='ocrx_word' id='word_1_220' title='bbox 309 3601 351 3664; x_wconf 92' lang='lat' dir='ltr'>ib.</span> <span class='ocrx_word' id='word_1_221' title='bbox 379 3604 397 3664; x_wconf 84' lang='lat'>5</span> <span class='ocrx_word' id='word_1_222' title='bbox 423 3600 564 3684; x_wconf 89' lang='lat' dir='ltr'>,reddita</span> <span class='ocrx_word' id='word_1_223' title='bbox 586 3600 718 3664; x_wconf 80' lang='lat' dir='ltr'>belli-</span> <span class='ocrx_word' id='word_1_224' title='bbox 738 3599 979 3664; x_wconf 81' lang='lat' dir='ltr'>redditabelli‘.</span> <span class='ocrx_word' id='word_1_225' title='bbox 1017 3605 1083 3681; x_wconf 84' lang='lat'>5,1</span> <span class='ocrx_word' id='word_1_226' title='bbox 1108 3609 1247 3684; x_wconf 89' lang='lat' dir='ltr'>,vetuere</span> 
     </span>
     <span class='ocr_line' id='line_1_32' title="bbox 178 3706 1246 3792; baseline 0.005 -21"><span class='ocrx_word' id='word_1_227' title='bbox 178 3747 219 3755; x_wconf 98' lang='lat'><em>-</em></span> <span class='ocrx_word' id='word_1_228' title='bbox 237 3711 389 3772; x_wconf 84' lang='lat' dir='ltr'>vetuere‘.</span> <span class='ocrx_word' id='word_1_229' title='bbox 414 3714 445 3792; x_wconf 84' lang='lat'>9,</span> <span class='ocrx_word' id='word_1_230' title='bbox 462 3714 479 3773; x_wconf 92' lang='grc'><strong>3</strong></span> <span class='ocrx_word' id='word_1_231' title='bbox 494 3707 583 3792; x_wconf 91' lang='lat' dir='ltr'>,nihil</span> <span class='ocrx_word' id='word_1_232' title='bbox 596 3746 638 3754; x_wconf 88' lang='lat'><em>-</em></span> <span class='ocrx_word' id='word_1_233' title='bbox 656 3706 753 3770; x_wconf 85' lang='lat' dir='ltr'>nihil‘.</span> <span class='ocrx_word' id='word_1_234' title='bbox 783 3712 832 3789; x_wconf 79' lang='lat'>12,</span> <span class='ocrx_word' id='word_1_235' title='bbox 850 3712 886 3771; x_wconf 93' lang='grc'>11</span> <span class='ocrx_word' id='word_1_236' title='bbox 904 3709 1089 3788; x_wconf 89' lang='lat' dir='ltr'>,nullam—</span> <span class='ocrx_word' id='word_1_237' title='bbox 1101 3709 1246 3778; x_wconf 86' lang='lat' dir='ltr'>nullum‘.</span> 
     </span>
     <span class='ocr_line' id='line_1_33' title="bbox 177 3813 1248 3901; baseline 0.004 -24"><span class='ocrx_word' id='word_1_238' title='bbox 177 3819 230 3896; x_wconf 79' lang='lat'>23,</span> <span class='ocrx_word' id='word_1_239' title='bbox 250 3819 268 3878; x_wconf 84' lang='lat'>5</span> <span class='ocrx_word' id='word_1_240' title='bbox 288 3813 384 3896; x_wconf 90' lang='lat' dir='ltr'>,unde</span> <span class='ocrx_word' id='word_1_241' title='bbox 402 3854 443 3863; x_wconf 94' lang='lat'>—</span> <span class='ocrx_word' id='word_1_242' title='bbox 460 3815 566 3880; x_wconf 90' lang='lat' dir='ltr'>unde‘.</span> <span class='ocrx_word' id='word_1_243' title='bbox 593 3818 645 3897; x_wconf 79' lang='lat'>24,</span> <span class='ocrx_word' id='word_1_244' title='bbox 665 3820 683 3878; x_wconf 79' lang='lat'><strong>2</strong></span> <span class='ocrx_word' id='word_1_245' title='bbox 700 3821 821 3898; x_wconf 88' lang='lat' dir='ltr'>,patres</span> <span class='ocrx_word' id='word_1_246' title='bbox 834 3853 870 3861; x_wconf 91' lang='lat'><em>-</em></span> <span class='ocrx_word' id='word_1_247' title='bbox 886 3820 1017 3898; x_wconf 85' lang='lat' dir='ltr'>patres‘.</span> <span class='ocrx_word' id='word_1_248' title='bbox 1045 3820 1128 3897; x_wconf 78' lang='lat'>32,9</span> <span class='ocrx_word' id='word_1_249' title='bbox 1145 3837 1248 3901; x_wconf 90' lang='lat' dir='ltr'>,suum</span> 
     </span>
     <span class='ocr_line' id='line_1_34' title="bbox 175 3922 1249 4008; baseline 0.002 -22"><span class='ocrx_word' id='word_1_250' title='bbox 175 3959 220 3968; x_wconf 91' lang='lat'>--</span> <span class='ocrx_word' id='word_1_251' title='bbox 236 3923 331 3986; x_wconf 87' lang='lat' dir='ltr'>suus‘.</span> <span class='ocrx_word' id='word_1_252' title='bbox 356 3922 398 3986; x_wconf 88' lang='lat' dir='ltr'>ib.</span> <span class='ocrx_word' id='word_1_253' title='bbox 423 3943 492 4007; x_wconf 89' lang='lat' dir='ltr'>,sua</span> <span class='ocrx_word' id='word_1_254' title='bbox 512 3960 550 3970; x_wconf 86' lang='lat'><em>-</em></span> <span class='ocrx_word' id='word_1_255' title='bbox 568 3923 646 3992; x_wconf 86' lang='lat' dir='ltr'>suo‘,</span> <span class='ocrx_word' id='word_1_256' title='bbox 673 3926 724 4006; x_wconf 85' lang='lat'>34,</span> <span class='ocrx_word' id='word_1_257' title='bbox 742 3928 760 3986; x_wconf 85' lang='lat'>9</span> <span class='ocrx_word' id='word_1_258' title='bbox 785 3944 851 4007; x_wconf 86' lang='lat' dir='ltr'>,our</span> <span class='ocrx_word' id='word_1_259' title='bbox 870 3960 908 3968; x_wconf 92' lang='lat'><em>-</em></span> <span class='ocrx_word' id='word_1_260' title='bbox 928 3923 1002 3986; x_wconf 80' lang='lat' dir='ltr'>cur‘.</span> <span class='ocrx_word' id='word_1_261' title='bbox 1023 3925 1249 4008; x_wconf 85' lang='lat' dir='ltr'>35,1,nisi—</span> 
     </span>
     <span class='ocr_line' id='line_1_35' title="bbox 175 4028 1248 4116; baseline 0.005 -24"><span class='ocrx_word' id='word_1_262' title='bbox 175 4029 255 4093; x_wconf 82' lang='lat' dir='ltr'>nisi‘.</span> <span class='ocrx_word' id='word_1_263' title='bbox 275 4028 316 4098; x_wconf 77' lang='lat' dir='ltr'>ib.</span> <span class='ocrx_word' id='word_1_264' title='bbox 339 4033 357 4091; x_wconf 83' lang='lat'><strong>2</strong></span> <span class='ocrx_word' id='word_1_265' title='bbox 379 4050 424 4112; x_wconf 90' lang='lat' dir='ltr'>,se</span> <span class='ocrx_word' id='word_1_266' title='bbox 444 4067 484 4076; x_wconf 73' lang='lat'>-—-</span> <span class='ocrx_word' id='word_1_267' title='bbox 506 4029 558 4093; x_wconf 84' lang='lat' dir='ltr'>se‘.</span> <span class='ocrx_word' id='word_1_268' title='bbox 577 4029 618 4095; x_wconf 86' lang='lat' dir='ltr'>ib.</span> <span class='ocrx_word' id='word_1_269' title='bbox 642 4034 788 4113; x_wconf 83' lang='lat' dir='ltr'>5,unum</span> <span class='ocrx_word' id='word_1_270' title='bbox 809 4068 853 4078; x_wconf 94' lang='lat'>-</span> <span class='ocrx_word' id='word_1_271' title='bbox 871 4030 987 4094; x_wconf 82' lang='lat' dir='ltr'>unum‘.</span> <span class='ocrx_word' id='word_1_272' title='bbox 1008 4037 1060 4113; x_wconf 86' lang='lat'>38,</span> <span class='ocrx_word' id='word_1_273' title='bbox 1078 4034 1098 4098; x_wconf 85' lang='lat'><strong>3</strong></span> <span class='ocrx_word' id='word_1_274' title='bbox 1114 4039 1248 4116; x_wconf 86' lang='lat' dir='ltr'>,vestras</span> 
     </span>
     <span class='ocr_line' id='line_1_36' title="bbox 177 4136 1247 4239; baseline 0.006 -42"><span class='ocrx_word' id='word_1_275' title='bbox 177 4173 213 4180; x_wconf 91' lang='lat'>-</span> <span class='ocrx_word' id='word_1_276' title='bbox 235 4136 376 4205; x_wconf 57' lang='lat' dir='ltr'>vestros(</span> <span class='ocrx_word' id='word_1_277' title='bbox 394 4139 451 4220; x_wconf 82' lang='lat'>44,</span> <span class='ocrx_word' id='word_1_278' title='bbox 475 4142 493 4200; x_wconf 89' lang='lat'><strong>9</strong></span> <span class='ocrx_word' id='word_1_279' title='bbox 515 4157 601 4219; x_wconf 88' lang='lat' dir='ltr'>,suos</span> <span class='ocrx_word' id='word_1_280' title='bbox 619 4175 658 4184; x_wconf 88' lang='lat'>-—</span> <span class='ocrx_word' id='word_1_281' title='bbox 678 4138 755 4202; x_wconf 89' lang='lat' dir='ltr'>sua‘.</span> <span class='ocrx_word' id='word_1_282' title='bbox 779 4141 832 4239; x_wconf 84' lang='lat'>45,</span> <span class='ocrx_word' id='word_1_283' title='bbox 856 4141 872 4203; x_wconf 94' lang='grc'>1</span> <span class='ocrx_word' id='word_1_284' title='bbox 901 4158 987 4223; x_wconf 87' lang='lat' dir='ltr'>,suas</span> <span class='ocrx_word' id='word_1_285' title='bbox 1005 4175 1044 4187; x_wconf 90' lang='lat'><em>-</em></span> <span class='ocrx_word' id='word_1_286' title='bbox 1065 4138 1141 4204; x_wconf 84' lang='lat' dir='ltr'>sua‘.</span> <span class='ocrx_word' id='word_1_287' title='bbox 1164 4138 1206 4204; x_wconf 84' lang='lat' dir='ltr'>ib.</span> <span class='ocrx_word' id='word_1_288' title='bbox 1229 4143 1247 4203; x_wconf 87' lang='lat'>5</span> 
     </span>
    </p>
   </div>
   <div class='ocr_carea' id='block_1_5' title="bbox 249 4294 629 4367">
    <p class='ocr_par' dir='ltr' id='par_1_7' title="bbox 249 4294 629 4367">
     <span class='ocr_line' id='line_1_37' title="bbox 249 4294 629 4367; baseline -0.003 -17"><span class='ocrx_word' id='word_1_289' title='bbox 249 4294 271 4366; x_wconf 84' lang='lat'>¹)</span> <span class='ocrx_word' id='word_1_290' title='bbox 291 4295 325 4351; x_wconf 89' lang='lat' dir='ltr'>de</span> <span class='ocrx_word' id='word_1_291' title='bbox 344 4301 417 4367; x_wconf 87' lang='lat' dir='ltr'>synt.</span> <span class='ocrx_word' id='word_1_292' title='bbox 437 4295 500 4352; x_wconf 87' lang='lat' dir='ltr'>Liv.</span> <span class='ocrx_word' id='word_1_293' title='bbox 520 4315 548 4367; x_wconf 88' lang='lat' dir='ltr'>p.</span> <span class='ocrx_word' id='word_1_294' title='bbox 568 4296 629 4350; x_wconf 74' lang='lat'><strong>327.</strong></span> 
     </span>
    </p>
   </div>
   <div class='ocr_carea' id='block_1_6' title="bbox 0 0 1430 4846">
    <p class='ocr_par' dir='ltr' id='par_1_8' title="bbox 0 0 1430 4846">
     <span class='ocr_line' id='line_1_38' title="bbox 0 0 1430 4846; baseline 0 0"><span class='ocrx_word' id='word_1_295' title='bbox 0 0 1430 4846; x_wconf 95' lang='lat' dir='ltr'> </span> 
     </span>
    </p>
   </div>
  </div>
 </body>
</html>
