<?xml version="1.0" encoding="UTF-8"?>
<!DOCTYPE html PUBLIC "-//W3C//DTD XHTML 1.0 Transitional//EN"
    "http://www.w3.org/TR/xhtml1/DTD/xhtml1-transitional.dtd">
<html xmlns="http://www.w3.org/1999/xhtml" xml:lang="en" lang="en">
 <head>
  <title>
</title>
<meta http-equiv="Content-Type" content="text/html;charset=utf-8" />
  <meta name='ocr-system' content='tesseract 3.04.00' />
  <meta name='ocr-capabilities' content='ocr_page ocr_carea ocr_par ocr_line ocrx_word'/>
</head>
<body>
  <div class='ocr_page' id='page_1' title='image "./dicendigenustac00petzgoog_0073.png"; bbox 0 0 2836 4846; ppageno 0'>
   <div class='ocr_carea' id='block_1_1' title="bbox 618 286 881 348">
    <p class='ocr_par' dir='ltr' id='par_1_1' title="bbox 618 286 881 348">
     <span class='ocr_line' id='line_1_1' title="bbox 618 286 881 348; baseline 0.011 -17"><span class='ocrx_word' id='word_1_1' title='bbox 618 286 881 348; x_wconf 41' lang='lat' dir='ltr'>mpp-¹</span> 
     </span>
    </p>
   </div>
   <div class='ocr_carea' id='block_1_2' title="bbox 182 478 1297 3994">
    <p class='ocr_par' dir='ltr' id='par_1_2' title="bbox 182 478 1297 3994">
     <span class='ocr_line' id='line_1_2' title="bbox 196 478 1261 562; baseline -0.003 -16"><span class='ocrx_word' id='word_1_2' title='bbox 196 478 290 546; x_wconf 88' lang='lat' dir='ltr'>doses</span> <span class='ocrx_word' id='word_1_3' title='bbox 320 486 351 546; x_wconf 91' lang='lat' dir='ltr'>et</span> <span class='ocrx_word' id='word_1_4' title='bbox 375 479 559 546; x_wconf 88' lang='lat' dir='ltr'>Suardones</span> <span class='ocrx_word' id='word_1_5' title='bbox 588 487 620 545; x_wconf 88' lang='lat' dir='ltr'>et</span> <span class='ocrx_word' id='word_1_6' title='bbox 643 479 823 545; x_wconf 82' lang='lat' dir='ltr'>Nuitones‘.</span> <span class='ocrx_word' id='word_1_7' title='bbox 887 479 973 543; x_wconf 90' lang='lat' dir='ltr'>Dial.</span> <span class='ocrx_word' id='word_1_8' title='bbox 1000 483 1052 559; x_wconf 85' lang='lat'>38,</span> <span class='ocrx_word' id='word_1_9' title='bbox 1077 482 1117 546; x_wconf 86' lang='lat'>13</span> <span class='ocrx_word' id='word_1_10' title='bbox 1146 500 1261 562; x_wconf 85' lang='lat' dir='ltr'>‚neque</span> 
     </span>
     <span class='ocr_line' id='line_1_3' title="bbox 196 585 1261 670; baseline -0.004 -17"><span class='ocrx_word' id='word_1_11' title='bbox 196 588 360 654; x_wconf 80' lang='lat' dir='ltr'>Ciceronis</span> <span class='ocrx_word' id='word_1_12' title='bbox 383 608 487 670; x_wconf 88' lang='lat' dir='ltr'>neque</span> <span class='ocrx_word' id='word_1_13' title='bbox 504 586 654 652; x_wconf 79' lang='lat' dir='ltr'>Caesaris</span> <span class='ocrx_word' id='word_1_14' title='bbox 674 609 779 670; x_wconf 85' lang='lat' dir='ltr'>neque</span> <span class='ocrx_word' id='word_1_15' title='bbox 795 586 889 650; x_wconf 80' lang='lat' dir='ltr'>Bruti</span> <span class='ocrx_word' id='word_1_16' title='bbox 912 607 1015 668; x_wconf 88' lang='lat' dir='ltr'>neque</span> <span class='ocrx_word' id='word_1_17' title='bbox 1032 585 1133 651; x_wconf 83' lang='lat' dir='ltr'>(laelii</span> <span class='ocrx_word' id='word_1_18' title='bbox 1157 607 1261 668; x_wconf 89' lang='lat' dir='ltr'>neque</span> 
     </span>
     <span class='ocr_line' id='line_1_4' title="bbox 195 691 1259 777; baseline -0.005 -16"><span class='ocrx_word' id='word_1_19' title='bbox 195 695 294 777; x_wconf 74' lang='lat' dir='ltr'>Calvi,</span> <span class='ocrx_word' id='word_1_20' title='bbox 330 718 392 759; x_wconf 92' lang='lat' dir='ltr'>non</span> <span class='ocrx_word' id='word_1_21' title='bbox 430 694 567 776; x_wconf 88' lang='lat' dir='ltr'>denique</span> <span class='ocrx_word' id='word_1_22' title='bbox 599 694 694 757; x_wconf 88' lang='lat' dir='ltr'>ullius</span> <span class='ocrx_word' id='word_1_23' title='bbox 729 693 836 776; x_wconf 84' lang='lat' dir='ltr'>magni</span> <span class='ocrx_word' id='word_1_24' title='bbox 873 695 1029 763; x_wconf 85' lang='lat' dir='ltr'>oratoris‘,</span> <span class='ocrx_word' id='word_1_25' title='bbox 1083 691 1146 776; x_wconf 78' lang='lat' dir='ltr'>Qui</span> <span class='ocrx_word' id='word_1_26' title='bbox 1169 693 1259 757; x_wconf 88' lang='lat' dir='ltr'>loeus</span> 
     </span>
     <span class='ocr_line' id='line_1_5' title="bbox 196 799 1258 886; baseline -0.002 -20"><span class='ocrx_word' id='word_1_27' title='bbox 196 803 315 885; x_wconf 90' lang='lat' dir='ltr'>optime</span> <span class='ocrx_word' id='word_1_28' title='bbox 339 802 453 866; x_wconf 87' lang='lat' dir='ltr'>dooere</span> <span class='ocrx_word' id='word_1_29' title='bbox 482 823 541 866; x_wconf 93' lang='lat' dir='ltr'>nos</span> <span class='ocrx_word' id='word_1_30' title='bbox 564 809 680 886; x_wconf 88' lang='lat' dir='ltr'>potest,</span> <span class='ocrx_word' id='word_1_31' title='bbox 714 800 984 883; x_wconf 83' lang='lat' dir='ltr'><strong>quemadmodum</strong></span> <span class='ocrx_word' id='word_1_32' title='bbox 1013 799 1146 864; x_wconf 78' lang='lat' dir='ltr'>Tacitus</span> <span class='ocrx_word' id='word_1_33' title='bbox 1179 799 1258 864; x_wconf 88' lang='lat' dir='ltr'>fines</span> 
     </span>
     <span class='ocr_line' id='line_1_6' title="bbox 193 909 1259 993; baseline -0.003 -20"><span class='ocrx_word' id='word_1_34' title='bbox 193 909 396 992; x_wconf 89' lang='lat' dir='ltr'>polysyndeti</span> <span class='ocrx_word' id='word_1_35' title='bbox 426 909 553 992; x_wconf 83' lang='lat' dir='ltr'>longius</span> <span class='ocrx_word' id='word_1_36' title='bbox 576 910 800 993; x_wconf 85' lang='lat' dir='ltr'>prolataverit:</span> <span class='ocrx_word' id='word_1_37' title='bbox 836 930 909 971; x_wconf 92' lang='lat' dir='ltr'>nam</span> <span class='ocrx_word' id='word_1_38' title='bbox 941 909 1150 973; x_wconf 78' lang='lat' dir='ltr'>variationem</span> <span class='ocrx_word' id='word_1_39' title='bbox 1180 928 1259 988; x_wconf 91' lang='lat' dir='ltr'>prae</span> 
     </span>
     <span class='ocr_line' id='line_1_7' title="bbox 193 1014 1259 1098; baseline -0.003 -18"><span class='ocrx_word' id='word_1_40' title='bbox 193 1038 227 1080; x_wconf 90' lang='lat' dir='ltr'>se</span> <span class='ocrx_word' id='word_1_41' title='bbox 250 1015 324 1086; x_wconf 80' lang='lat' dir='ltr'>fert.</span> <span class='ocrx_word' id='word_1_42' title='bbox 370 1014 411 1078; x_wconf 91' lang='lat' dir='ltr'>Id</span> <span class='ocrx_word' id='word_1_43' title='bbox 435 1016 518 1080; x_wconf 86' lang='lat' dir='ltr'>enim</span> <span class='ocrx_word' id='word_1_44' title='bbox 542 1016 743 1098; x_wconf 87' lang='lat' dir='ltr'>potissimum</span> <span class='ocrx_word' id='word_1_45' title='bbox 767 1015 872 1078; x_wconf 79' lang='lat' dir='ltr'>Taciti</span> <span class='ocrx_word' id='word_1_46' title='bbox 896 1021 952 1098; x_wconf 81' lang='lat' dir='ltr'>est,</span> <span class='ocrx_word' id='word_1_47' title='bbox 978 1035 1060 1097; x_wconf 90' lang='lat' dir='ltr'>quae</span> <span class='ocrx_word' id='word_1_48' title='bbox 1085 1014 1139 1078; x_wconf 87' lang='lat' dir='ltr'>alii</span> <span class='ocrx_word' id='word_1_49' title='bbox 1163 1016 1259 1096; x_wconf 87' lang='lat' dir='ltr'>scrip·</span> 
     </span>
     <span class='ocr_line' id='line_1_8' title="bbox 192 1122 1259 1207; baseline -0.004 -19"><span class='ocrx_word' id='word_1_50' title='bbox 192 1132 278 1188; x_wconf 89' lang='lat' dir='ltr'>tores</span> <span class='ocrx_word' id='word_1_51' title='bbox 302 1146 359 1207; x_wconf 88' lang='lat' dir='ltr'>per</span> <span class='ocrx_word' id='word_1_52' title='bbox 382 1122 617 1206; x_wconf 85' lang='lat' dir='ltr'>polysyndeton</span> <span class='ocrx_word' id='word_1_53' title='bbox 653 1144 839 1186; x_wconf 88' lang='lat' dir='ltr'>enumerare</span> <span class='ocrx_word' id='word_1_54' title='bbox 868 1123 975 1187; x_wconf 88' lang='lat' dir='ltr'>solent</span> <span class='ocrx_word' id='word_1_55' title='bbox 1002 1130 1099 1204; x_wconf 89' lang='lat' dir='ltr'>atque</span> <span class='ocrx_word' id='word_1_56' title='bbox 1126 1123 1195 1205; x_wconf 90' lang='lat' dir='ltr'>ipse</span> <span class='ocrx_word' id='word_1_57' title='bbox 1225 1123 1259 1184; x_wconf 91' lang='lat' dir='ltr'>in</span> 
     </span>
     <span class='ocr_line' id='line_1_9' title="bbox 192 1229 1257 1312; baseline -0.002 -17"><span class='ocrx_word' id='word_1_58' title='bbox 192 1229 366 1295; x_wconf 90' lang='lat' dir='ltr'>minoribus</span> <span class='ocrx_word' id='word_1_59' title='bbox 389 1230 478 1294; x_wconf 86' lang='lat' dir='ltr'>libris</span> <span class='ocrx_word' id='word_1_60' title='bbox 503 1235 758 1303; x_wconf 68' lang='lat' dir='ltr'>nolrroocda‘cmc</span> <span class='ocrx_word' id='word_1_61' title='bbox 790 1251 1020 1312; x_wconf 88' lang='lat' dir='ltr'>nonnunquam</span> <span class='ocrx_word' id='word_1_62' title='bbox 1049 1229 1257 1309; x_wconf 87' lang='lat' dir='ltr'>enumeravit,</span> 
     </span>
     <span class='ocr_line' id='line_1_10' title="bbox 192 1337 1258 1403; baseline -0.002 0"><span class='ocrx_word' id='word_1_63' title='bbox 192 1361 230 1403; x_wconf 90' lang='lat' dir='ltr'>ea</span> <span class='ocrx_word' id='word_1_64' title='bbox 252 1339 286 1402; x_wconf 88' lang='lat' dir='ltr'>in</span> <span class='ocrx_word' id='word_1_65' title='bbox 308 1338 398 1403; x_wconf 90' lang='lat' dir='ltr'>libris</span> <span class='ocrx_word' id='word_1_66' title='bbox 422 1360 456 1401; x_wconf 92' lang='lat' dir='ltr'>re</span> <span class='ocrx_word' id='word_1_67' title='bbox 480 1359 556 1401; x_wconf 85' lang='lat' dir='ltr'>vcra</span> <span class='ocrx_word' id='word_1_68' title='bbox 580 1337 739 1400; x_wconf 88' lang='lat' dir='ltr'>historicis</span> <span class='ocrx_word' id='word_1_69' title='bbox 773 1344 830 1399; x_wconf 84' lang='lat' dir='ltr'>aut</span> <span class='ocrx_word' id='word_1_70' title='bbox 863 1338 957 1401; x_wconf 84' lang='lat' dir='ltr'>variis</span> <span class='ocrx_word' id='word_1_71' title='bbox 983 1337 1258 1401; x_wconf 87' lang='lat' dir='ltr'>coniunctionibus</span> 
     </span>
     <span class='ocr_line' id='line_1_11' title="bbox 192 1440 1258 1529; baseline -0.004 -19"><span class='ocrx_word' id='word_1_72' title='bbox 192 1454 248 1511; x_wconf 88' lang='lat' dir='ltr'>aut</span> <span class='ocrx_word' id='word_1_73' title='bbox 272 1445 426 1529; x_wconf 86' lang='lat' dir='ltr'>asyndeto</span> <span class='ocrx_word' id='word_1_74' title='bbox 462 1443 605 1508; x_wconf 88' lang='lat' dir='ltr'>adhibito</span> <span class='ocrx_word' id='word_1_75' title='bbox 639 1440 864 1527; x_wconf 79' lang='lat' dir='ltr'>enumerarel)</span> <span class='ocrx_word' id='word_1_76' title='bbox 893 1442 1015 1526; x_wconf 31' lang='lat' dir='ltr'>..Quae</span> <span class='ocrx_word' id='word_1_77' title='bbox 1047 1460 1146 1526; x_wconf 84' lang='lat' dir='ltr'>supra</span> <span class='ocrx_word' id='word_1_78' title='bbox 1174 1450 1258 1507; x_wconf 86' lang='lat' dir='ltr'>attu-</span> 
     </span>
     <span class='ocr_line' id='line_1_12' title="bbox 190 1536 1258 1634; baseline -0.003 -17"><span class='ocrx_word' id='word_1_79' title='bbox 190 1536 284 1618; x_wconf 90' lang='lat' dir='ltr'>limus</span> <span class='ocrx_word' id='word_1_80' title='bbox 313 1552 400 1624; x_wconf 76' lang='lat' dir='ltr'>Ann,</span> <span class='ocrx_word' id='word_1_81' title='bbox 440 1557 467 1634; x_wconf 84' lang='lat'>1,</span> <span class='ocrx_word' id='word_1_82' title='bbox 488 1555 584 1632; x_wconf 80' lang='lat'><strong>41,7</strong></span> <span class='ocrx_word' id='word_1_83' title='bbox 622 1557 653 1615; x_wconf 88' lang='lat' dir='ltr'>et</span> <span class='ocrx_word' id='word_1_84' title='bbox 680 1550 766 1615; x_wconf 89' lang='lat' dir='ltr'>Hist.</span> <span class='ocrx_word' id='word_1_85' title='bbox 792 1554 823 1630; x_wconf 84' lang='lat'>4,</span> <span class='ocrx_word' id='word_1_86' title='bbox 847 1548 911 1630; x_wconf 58' lang='lat'>53:</span> <span class='ocrx_word' id='word_1_87' title='bbox 924 1552 975 1626; x_wconf 86' lang='grc'>16,</span> <span class='ocrx_word' id='word_1_88' title='bbox 1011 1572 1190 1633; x_wconf 86' lang='lat' dir='ltr'>repugnare</span> <span class='ocrx_word' id='word_1_89' title='bbox 1219 1572 1258 1614; x_wconf 90' lang='lat' dir='ltr'>ea</span> 
     </span>
     <span class='ocr_line' id='line_1_13' title="bbox 191 1657 1256 1743; baseline -0.002 -19"><span class='ocrx_word' id='word_1_90' title='bbox 191 1660 320 1743; x_wconf 86' lang='lat' dir='ltr'>quidem</span> <span class='ocrx_word' id='word_1_91' title='bbox 343 1659 513 1723; x_wconf 86' lang='lat' dir='ltr'>videantur</span> <span class='ocrx_word' id='word_1_92' title='bbox 537 1658 584 1722; x_wconf 93' lang='lat' dir='ltr'>illi</span> <span class='ocrx_word' id='word_1_93' title='bbox 607 1659 744 1739; x_wconf 80' lang='lat' dir='ltr'>regulae,</span> <span class='ocrx_word' id='word_1_94' title='bbox 768 1657 824 1721; x_wconf 85' lang='lat' dir='ltr'>sed</span> <span class='ocrx_word' id='word_1_95' title='bbox 848 1678 911 1721; x_wconf 91' lang='lat' dir='ltr'>non</span> <span class='ocrx_word' id='word_1_96' title='bbox 928 1665 1121 1742; x_wconf 82' lang='lat' dir='ltr'>repugnant3</span> <span class='ocrx_word' id='word_1_97' title='bbox 1140 1660 1256 1722; x_wconf 89' lang='lat' dir='ltr'>etenim</span> 
     </span>
     <span class='ocr_line' id='line_1_14' title="bbox 191 1764 1255 1853; baseline -0.004 -22"><span class='ocrx_word' id='word_1_98' title='bbox 191 1789 263 1831; x_wconf 91' lang='lat' dir='ltr'>cum</span> <span class='ocrx_word' id='word_1_99' title='bbox 281 1767 462 1853; x_wconf 82' lang='lat' dir='ltr'>exemplum</span> <span class='ocrx_word' id='word_1_100' title='bbox 485 1785 523 1828; x_wconf 89' lang='lat' dir='ltr'>ex</span> <span class='ocrx_word' id='word_1_101' title='bbox 544 1765 699 1829; x_wconf 88' lang='lat' dir='ltr'>Historiis</span> <span class='ocrx_word' id='word_1_102' title='bbox 724 1764 929 1852; x_wconf 88' lang='lat' dir='ltr'>desumptum</span> <span class='ocrx_word' id='word_1_103' title='bbox 953 1765 1080 1829; x_wconf 88' lang='lat' dir='ltr'>unicum</span> <span class='ocrx_word' id='word_1_104' title='bbox 1105 1771 1162 1848; x_wconf 79' lang='lat' dir='ltr'>est,</span> <span class='ocrx_word' id='word_1_105' title='bbox 1187 1772 1255 1829; x_wconf 90' lang='lat' dir='ltr'>tum</span> 
     </span>
     <span class='ocr_line' id='line_1_15' title="bbox 189 1869 1254 1957; baseline -0.003 -20"><span class='ocrx_word' id='word_1_106' title='bbox 189 1874 279 1956; x_wconf 88' lang='lat' dir='ltr'>illud,</span> <span class='ocrx_word' id='word_1_107' title='bbox 299 1873 385 1956; x_wconf 87' lang='lat' dir='ltr'>qued</span> <span class='ocrx_word' id='word_1_108' title='bbox 413 1874 444 1937; x_wconf 92' lang='lat' dir='ltr'>in</span> <span class='ocrx_word' id='word_1_109' title='bbox 474 1873 726 1957; x_wconf 83' lang='lat' dir='ltr'>peculiarissimo</span> <span class='ocrx_word' id='word_1_110' title='bbox 756 1869 933 1935; x_wconf 87' lang='lat' dir='ltr'>Annalium</span> <span class='ocrx_word' id='word_1_111' title='bbox 962 1892 1059 1955; x_wconf 86' lang='lat' dir='ltr'>opere</span> <span class='ocrx_word' id='word_1_112' title='bbox 1085 1873 1254 1951; x_wconf 83' lang='lat' dir='ltr'>invenitur,</span> 
     </span>
     <span class='ocr_line' id='line_1_16' title="bbox 189 1978 1255 2064; baseline -0.003 -18"><span class='ocrx_word' id='word_1_113' title='bbox 189 1980 395 2046; x_wconf 85' lang='lat' dir='ltr'>tribuendum</span> <span class='ocrx_word' id='word_1_114' title='bbox 419 1986 467 2044; x_wconf 88' lang='lat' dir='ltr'>est</span> <span class='ocrx_word' id='word_1_115' title='bbox 490 1979 695 2064; x_wconf 89' lang='lat' dir='ltr'>polysyndeti</span> <span class='ocrx_word' id='word_1_116' title='bbox 718 1979 876 2043; x_wconf 82' lang='lat' dir='ltr'>levissimo</span> <span class='ocrx_word' id='word_1_117' title='bbox 901 1979 1018 2061; x_wconf 82' lang='lat' dir='ltr'>generi,</span> <span class='ocrx_word' id='word_1_118' title='bbox 1045 1978 1132 2042; x_wconf 85' lang='lat' dir='ltr'>cuius</span> <span class='ocrx_word' id='word_1_119' title='bbox 1158 1979 1255 2043; x_wconf 90' lang='lat' dir='ltr'>etiam</span> 
     </span>
     <span class='ocr_line' id='line_1_17' title="bbox 189 2085 1255 2173; baseline -0.003 -20"><span class='ocrx_word' id='word_1_120' title='bbox 189 2090 284 2173; x_wconf 88' lang='lat' dir='ltr'>plura</span> <span class='ocrx_word' id='word_1_121' title='bbox 300 2086 437 2172; x_wconf 83' lang='lat' dir='ltr'>proferri</span> <span class='ocrx_word' id='word_1_122' title='bbox 458 2093 604 2171; x_wconf 84' lang='lat' dir='ltr'>possunt,</span> <span class='ocrx_word' id='word_1_123' title='bbox 627 2086 714 2150; x_wconf 84' lang='lat' dir='ltr'>volut</span> <span class='ocrx_word' id='word_1_124' title='bbox 731 2085 817 2157; x_wconf 83' lang='lat' dir='ltr'>Anu,</span> <span class='ocrx_word' id='word_1_125' title='bbox 833 2091 862 2167; x_wconf 87' lang='lat'>3,</span> <span class='ocrx_word' id='word_1_126' title='bbox 881 2089 913 2166; x_wconf 81' lang='lat'>3,</span> <span class='ocrx_word' id='word_1_127' title='bbox 931 2091 949 2148; x_wconf 83' lang='lat'>6</span> <span class='ocrx_word' id='word_1_128' title='bbox 974 2085 1199 2167; x_wconf 85' lang='lat' dir='ltr'>,Agrippinam</span> <span class='ocrx_word' id='word_1_129' title='bbox 1223 2093 1255 2165; x_wconf 82' lang='lat' dir='ltr'>et</span> 
     </span>
     <span class='ocr_line' id='line_1_18' title="bbox 189 2190 1266 2277; baseline -0.001 -17"><span class='ocrx_word' id='word_1_130' title='bbox 189 2195 335 2261; x_wconf 90' lang='lat' dir='ltr'>Drusum</span> <span class='ocrx_word' id='word_1_131' title='bbox 359 2203 392 2258; x_wconf 87' lang='lat' dir='ltr'>et</span> <span class='ocrx_word' id='word_1_132' title='bbox 408 2194 601 2263; x_wconf 80' lang='lat' dir='ltr'>Claudium‘,</span> <span class='ocrx_word' id='word_1_133' title='bbox 632 2192 677 2263; x_wconf 81' lang='lat' dir='ltr'>ib,</span> <span class='ocrx_word' id='word_1_134' title='bbox 704 2199 753 2274; x_wconf 87' lang='lat' dir='ltr'>ll,</span> <span class='ocrx_word' id='word_1_135' title='bbox 773 2195 792 2258; x_wconf 89' lang='grc'><strong>6</strong></span> <span class='ocrx_word' id='word_1_136' title='bbox 809 2192 877 2277; x_wconf 57' lang='lat' dir='ltr'>,Mt</span> <span class='ocrx_word' id='word_1_137' title='bbox 897 2192 1040 2275; x_wconf 88' lang='lat' dir='ltr'>Lepidus</span> <span class='ocrx_word' id='word_1_138' title='bbox 1065 2199 1097 2257; x_wconf 91' lang='lat' dir='ltr'>et</span> <span class='ocrx_word' id='word_1_139' title='bbox 1121 2191 1159 2263; x_wconf 76' lang='lat' dir='ltr'>L,</span> <span class='ocrx_word' id='word_1_140' title='bbox 1176 2190 1266 2259; x_wconf 80' lang='lat' dir='ltr'>Piso&#39;</span> 
     </span>
     <span class='ocr_line' id='line_1_19' title="bbox 188 2299 1255 2384; baseline -0.004 -17"><span class='ocrx_word' id='word_1_141' title='bbox 188 2310 221 2367; x_wconf 89' lang='lat' dir='ltr'>et</span> <span class='ocrx_word' id='word_1_142' title='bbox 243 2302 425 2373; x_wconf 68' lang='lat' dir='ltr'>Livineius.</span> <span class='ocrx_word' id='word_1_143' title='bbox 475 2306 524 2384; x_wconf 80' lang='lat'>15,</span> <span class='ocrx_word' id='word_1_144' title='bbox 543 2304 653 2384; x_wconf 79' lang='lat'><strong>57,.14</strong></span> <span class='ocrx_word' id='word_1_145' title='bbox 677 2299 836 2384; x_wconf 80' lang='lat' dir='ltr'>,Lucanus</span> <span class='ocrx_word' id='word_1_146' title='bbox 862 2322 990 2383; x_wconf 88' lang='lat' dir='ltr'>qnoque</span> <span class='ocrx_word' id='word_1_147' title='bbox 1014 2307 1048 2365; x_wconf 87' lang='lat' dir='ltr'>et</span> <span class='ocrx_word' id='word_1_148' title='bbox 1064 2299 1197 2365; x_wconf 83' lang='lat' dir='ltr'>Senecio</span> <span class='ocrx_word' id='word_1_149' title='bbox 1222 2308 1255 2379; x_wconf 87' lang='lat' dir='ltr'>et</span> 
     </span>
     <span class='ocr_line' id='line_1_20' title="bbox 189 2388 1263 2492; baseline -0.001 -19"><span class='ocrx_word' id='word_1_150' title='bbox 189 2407 399 2492; x_wconf 80' lang='lat' dir='ltr'>Quintianus‘.</span> <span class='ocrx_word' id='word_1_151' title='bbox 423 2443 464 2456; x_wconf 86' lang='grc'>-</span> <span class='ocrx_word' id='word_1_152' title='bbox 491 2406 548 2472; x_wconf 83' lang='lat' dir='ltr'>Sin</span> <span class='ocrx_word' id='word_1_153' title='bbox 581 2413 688 2471; x_wconf 92' lang='lat' dir='ltr'>autem</span> <span class='ocrx_word' id='word_1_154' title='bbox 721 2407 894 2491; x_wconf 86' lang='lat' dir='ltr'>quaeritur,</span> <span class='ocrx_word' id='word_1_155' title='bbox 927 2428 1006 2489; x_wconf 90' lang='lat' dir='ltr'>quas</span> <span class='ocrx_word' id='word_1_156' title='bbox 1034 2388 1077 2472; x_wconf 88' lang='lat' dir='ltr'>ad</span> <span class='ocrx_word' id='word_1_157' title='bbox 1104 2406 1263 2488; x_wconf 66' lang='lat' dir='ltr'>notiones*¹</span> 
     </span>
     <span class='ocr_line' id='line_1_21' title="bbox 187 2497 1273 2605; baseline -0.003 -25"><span class='ocrx_word' id='word_1_158' title='bbox 187 2517 323 2581; x_wconf 86' lang='lat' dir='ltr'>maximo</span> <span class='ocrx_word' id='word_1_159' title='bbox 354 2515 515 2600; x_wconf 83' lang='lat' dir='ltr'>pertineat</span> <span class='ocrx_word' id='word_1_160' title='bbox 548 2513 785 2605; x_wconf 82' lang='lat' dir='ltr'>polysyndeton</span> <span class='ocrx_word' id='word_1_161' title='bbox 816 2513 1007 2595; x_wconf 88' lang='lat' dir='ltr'>Tacitinum,</span> <span class='ocrx_word' id='word_1_162' title='bbox 1041 2535 1094 2577; x_wconf 89' lang='lat' dir='ltr'>eas</span> <span class='ocrx_word' id='word_1_163' title='bbox 1126 2497 1273 2601; x_wconf 62' lang='lat' dir='ltr'>quoquel</span> 
     </span>
     <span class='ocr_line' id='line_1_22' title="bbox 188 2604 1295 2704; baseline -0.005 -16"><span class='ocrx_word' id='word_1_164' title='bbox 188 2622 298 2688; x_wconf 86' lang='lat' dir='ltr'>differe</span> <span class='ocrx_word' id='word_1_165' title='bbox 322 2644 342 2687; x_wconf 90' lang='lat' dir='ltr'>a</span> <span class='ocrx_word' id='word_1_166' title='bbox 366 2622 506 2687; x_wconf 77' lang='lat' dir='ltr'>Liuianis</span> <span class='ocrx_word' id='word_1_167' title='bbox 530 2620 725 2686; x_wconf 91' lang='lat' dir='ltr'>monendum</span> <span class='ocrx_word' id='word_1_168' title='bbox 750 2627 808 2689; x_wconf 88' lang='lat' dir='ltr'>est.</span> <span class='ocrx_word' id='word_1_169' title='bbox 857 2621 952 2704; x_wconf 88' lang='lat' dir='ltr'>Apud</span> <span class='ocrx_word' id='word_1_170' title='bbox 976 2619 1103 2684; x_wconf 87' lang='lat' dir='ltr'>Livium</span> <span class='ocrx_word' id='word_1_171' title='bbox 1123 2620 1252 2684; x_wconf 82' lang='lat' dir='ltr'>maximi</span> <span class='ocrx_word' id='word_1_172' title='bbox 1274 2604 1295 2703; x_wconf 50' lang='lat' dir='ltr'>”y</span> 
     </span>
     <span class='ocr_line' id='line_1_23' title="bbox 186 2706 1297 2813; baseline -0.005 -18"><span class='ocrx_word' id='word_1_173' title='bbox 186 2730 339 2795; x_wconf 88' lang='lat' dir='ltr'>momenti</span> <span class='ocrx_word' id='word_1_174' title='bbox 374 2728 524 2813; x_wconf 83' lang='lat' dir='ltr'>prodigia</span> <span class='ocrx_word' id='word_1_175' title='bbox 554 2733 646 2792; x_wconf 89' lang='lat' dir='ltr'>eraut</span> <span class='ocrx_word' id='word_1_176' title='bbox 676 2727 725 2792; x_wconf 87' lang='lat' dir='ltr'>vel</span> <span class='ocrx_word' id='word_1_177' title='bbox 760 2728 889 2793; x_wconf 90' lang='lat' dir='ltr'>nomina</span> <span class='ocrx_word' id='word_1_178' title='bbox 922 2736 1080 2792; x_wconf 88' lang='lat' dir='ltr'>terrarum</span> <span class='ocrx_word' id='word_1_179' title='bbox 1112 2734 1144 2792; x_wconf 87' lang='lat' dir='ltr'>et</span> <span class='ocrx_word' id='word_1_180' title='bbox 1178 2749 1251 2810; x_wconf 82' lang='lat' dir='ltr'>gen·</span> <span class='ocrx_word' id='word_1_181' title='bbox 1295 2706 1297 2723; x_wconf 53' lang='lat'><strong>¹</strong></span> 
     </span>
     <span class='ocr_line' id='line_1_24' title="bbox 186 2833 1251 2923; baseline -0.005 -20"><span class='ocrx_word' id='word_1_182' title='bbox 186 2837 280 2923; x_wconf 81' lang='lat' dir='ltr'>tium3</span> <span class='ocrx_word' id='word_1_183' title='bbox 332 2858 466 2920; x_wconf 89' lang='lat' dir='ltr'>quorum</span> <span class='ocrx_word' id='word_1_184' title='bbox 511 2836 567 2899; x_wconf 93' lang='lat' dir='ltr'>illa</span> <span class='ocrx_word' id='word_1_185' title='bbox 618 2841 874 2912; x_wconf 74' lang='grc' dir='ltr'>πολνσυνδέτως</span> <span class='ocrx_word' id='word_1_186' title='bbox 921 2836 1030 2901; x_wconf 87' lang='lat' dir='ltr'>iuncta</span> <span class='ocrx_word' id='word_1_187' title='bbox 1071 2836 1103 2898; x_wconf 91' lang='lat' dir='ltr'>in</span> <span class='ocrx_word' id='word_1_188' title='bbox 1146 2833 1251 2898; x_wconf 82' lang='lat' dir='ltr'>Taciti</span> 
     </span>
     <span class='ocr_line' id='line_1_25' title="bbox 187 2941 1276 3029; baseline -0.003 -19"><span class='ocrx_word' id='word_1_189' title='bbox 187 2945 338 3028; x_wconf 90' lang='lat' dir='ltr'>operibus</span> <span class='ocrx_word' id='word_1_190' title='bbox 374 2944 494 3008; x_wconf 87' lang='lat' dir='ltr'>frustra</span> <span class='ocrx_word' id='word_1_191' title='bbox 531 2944 694 3026; x_wconf 87' lang='lat' dir='ltr'>anquiras‚</span> <span class='ocrx_word' id='word_1_192' title='bbox 730 2944 811 3010; x_wconf 90' lang='lat' dir='ltr'>haec</span> <span class='ocrx_word' id='word_1_193' title='bbox 841 2945 983 3029; x_wconf 83' lang='lat' dir='ltr'>reperias</span> <span class='ocrx_word' id='word_1_194' title='bbox 1015 2943 1153 3027; x_wconf 84' lang='lat' dir='ltr'>quidem,</span> <span class='ocrx_word' id='word_1_195' title='bbox 1181 2941 1276 3008; x_wconf 87' lang='lat' dir='ltr'>sed</span> 
     </span>
     <span class='ocr_line' id='line_1_26' title="bbox 187 3050 1251 3134; baseline 0 -18"><span class='ocrx_word' id='word_1_196' title='bbox 187 3054 238 3116; x_wconf 85' lang='lat' dir='ltr'>vix</span> <span class='ocrx_word' id='word_1_197' title='bbox 272 3053 393 3116; x_wconf 88' lang='lat' dir='ltr'>maiore</span> <span class='ocrx_word' id='word_1_198' title='bbox 426 3050 533 3116; x_wconf 85' lang='lat' dir='ltr'>studio</span> <span class='ocrx_word' id='word_1_199' title='bbox 567 3058 698 3132; x_wconf 87' lang='lat' dir='ltr'>arrepta</span> <span class='ocrx_word' id='word_1_200' title='bbox 726 3072 821 3133; x_wconf 89' lang='lat' dir='ltr'>quam</span> <span class='ocrx_word' id='word_1_201' title='bbox 849 3052 922 3115; x_wconf 90' lang='lat' dir='ltr'>alia.</span> <span class='ocrx_word' id='word_1_202' title='bbox 981 3051 1121 3116; x_wconf 83' lang='lat' dir='ltr'>Etiamsi</span> <span class='ocrx_word' id='word_1_203' title='bbox 1154 3053 1251 3134; x_wconf 85' lang='lat' dir='ltr'>igitur</span> 
     </span>
     <span class='ocr_line' id='line_1_27' title="bbox 186 3157 1251 3243; baseline 0.001 -20"><span class='ocrx_word' id='word_1_204' title='bbox 186 3158 318 3224; x_wconf 89' lang='lat' dir='ltr'>Tacitus</span> <span class='ocrx_word' id='word_1_205' title='bbox 342 3159 410 3242; x_wconf 89' lang='lat' dir='ltr'>ipse</span> <span class='ocrx_word' id='word_1_206' title='bbox 435 3165 538 3222; x_wconf 88' lang='lat' dir='ltr'>certas</span> <span class='ocrx_word' id='word_1_207' title='bbox 574 3157 730 3239; x_wconf 87' lang='lat' dir='ltr'>quasdam</span> <span class='ocrx_word' id='word_1_208' title='bbox 759 3160 922 3223; x_wconf 87' lang='lat' dir='ltr'>iuncturas</span> <span class='ocrx_word' id='word_1_209' title='bbox 959 3180 1038 3243; x_wconf 86' lang='lat' dir='ltr'>prae</span> <span class='ocrx_word' id='word_1_210' title='bbox 1066 3161 1181 3226; x_wconf 89' lang='lat' dir='ltr'>ceteris</span> <span class='ocrx_word' id='word_1_211' title='bbox 1206 3161 1251 3224; x_wconf 92' lang='lat' dir='ltr'>di·</span> 
     </span>
     <span class='ocr_line' id='line_1_28' title="bbox 184 3264 1249 3351; baseline 0.004 -22"><span class='ocrx_word' id='word_1_212' title='bbox 184 3266 270 3350; x_wconf 84' lang='lat' dir='ltr'>lexit,</span> <span class='ocrx_word' id='word_1_213' title='bbox 294 3266 381 3330; x_wconf 82' lang='lat' dir='ltr'>velut</span> <span class='ocrx_word' id='word_1_214' title='bbox 408 3264 537 3329; x_wconf 90' lang='lat' dir='ltr'>nomina</span> <span class='ocrx_word' id='word_1_215' title='bbox 564 3265 743 3349; x_wconf 91' lang='lat' dir='ltr'>principum</span> <span class='ocrx_word' id='word_1_216' title='bbox 771 3287 829 3350; x_wconf 90' lang='lat' dir='ltr'>per</span> <span class='ocrx_word' id='word_1_217' title='bbox 852 3267 1028 3351; x_wconf 88' lang='lat' dir='ltr'>particulas</span> <span class='ocrx_word' id='word_1_218' title='bbox 1052 3269 1249 3351; x_wconf 83' lang='lat' dir='ltr'>copulatiras</span> 
     </span>
     <span class='ocr_line' id='line_1_29' title="bbox 185 3374 1247 3459; baseline -0.001 -23"><span class='ocrx_word' id='word_1_219' title='bbox 185 3393 315 3454; x_wconf 84' lang='lat' dir='ltr'>conexa,</span> <span class='ocrx_word' id='word_1_220' title='bbox 342 3379 449 3435; x_wconf 90' lang='lat' dir='ltr'>tamen</span> <span class='ocrx_word' id='word_1_221' title='bbox 465 3394 629 3454; x_wconf 89' lang='lat' dir='ltr'>nunquam</span> <span class='ocrx_word' id='word_1_222' title='bbox 646 3374 725 3438; x_wconf 85' lang='lat' dir='ltr'>alias</span> <span class='ocrx_word' id='word_1_223' title='bbox 749 3375 843 3438; x_wconf 88' lang='lat' dir='ltr'>nimis</span> <span class='ocrx_word' id='word_1_224' title='bbox 860 3375 966 3459; x_wconf 77' lang='lat' dir='ltr'>coluit,</span> <span class='ocrx_word' id='word_1_225' title='bbox 991 3376 1070 3439; x_wconf 85' lang='lat' dir='ltr'>alias</span> <span class='ocrx_word' id='word_1_226' title='bbox 1087 3375 1247 3458; x_wconf 86' lang='lat' dir='ltr'>repressit.</span> 
     </span>
     <span class='ocr_line' id='line_1_30' title="bbox 184 3477 1248 3565; baseline -0.002 -23"><span class='ocrx_word' id='word_1_227' title='bbox 184 3479 280 3544; x_wconf 82' lang='lat' dir='ltr'>Etsi</span> <span class='ocrx_word' id='word_1_228' title='bbox 305 3477 380 3560; x_wconf 84' lang='lat' dir='ltr'>quid</span> <span class='ocrx_word' id='word_1_229' title='bbox 406 3479 566 3560; x_wconf 82' lang='lat' dir='ltr'>singulare</span> <span class='ocrx_word' id='word_1_230' title='bbox 596 3479 635 3542; x_wconf 90' lang='lat' dir='ltr'>dc</span> <span class='ocrx_word' id='word_1_231' title='bbox 660 3501 697 3544; x_wconf 89' lang='lat' dir='ltr'>eo</span> <span class='ocrx_word' id='word_1_232' title='bbox 723 3483 914 3545; x_wconf 86' lang='lat' dir='ltr'>constituere</span> <span class='ocrx_word' id='word_1_233' title='bbox 938 3483 1093 3565; x_wconf 76' lang='lat' dir='ltr'>volumuS,</span> <span class='ocrx_word' id='word_1_234' title='bbox 1123 3480 1157 3544; x_wconf 92' lang='lat' dir='ltr'>id</span> <span class='ocrx_word' id='word_1_235' title='bbox 1179 3487 1248 3542; x_wconf 91' lang='lat' dir='ltr'>tan·</span> 
     </span>
     <span class='ocr_line' id='line_1_31' title="bbox 185 3583 1248 3668; baseline -0.005 -18"><span class='ocrx_word' id='word_1_236' title='bbox 185 3593 252 3650; x_wconf 94' lang='lat' dir='ltr'>tum</span> <span class='ocrx_word' id='word_1_237' title='bbox 281 3585 388 3649; x_wconf 85' lang='lat' dir='ltr'>dicere</span> <span class='ocrx_word' id='word_1_238' title='bbox 418 3606 596 3668; x_wconf 88' lang='lat' dir='ltr'>possumus,</span> <span class='ocrx_word' id='word_1_239' title='bbox 633 3588 862 3666; x_wconf 84' lang='lat' dir='ltr'>generaliorem</span> <span class='ocrx_word' id='word_1_240' title='bbox 890 3611 909 3652; x_wconf 93' lang='lat' dir='ltr'>a</span> <span class='ocrx_word' id='word_1_241' title='bbox 941 3588 1053 3652; x_wconf 88' lang='lat' dir='ltr'>Tacito</span> <span class='ocrx_word' id='word_1_242' title='bbox 1088 3583 1248 3650; x_wconf 87' lang='lat' dir='ltr'>redditam</span> 
     </span>
     <span class='ocr_line' id='line_1_32' title="bbox 185 3692 1248 3780; baseline -0.002 -22"><span class='ocrx_word' id='word_1_243' title='bbox 185 3714 255 3758; x_wconf 87' lang='lat' dir='ltr'>esse</span> <span class='ocrx_word' id='word_1_244' title='bbox 291 3693 553 3757; x_wconf 87' lang='lat' dir='ltr'>consuetudinem</span> <span class='ocrx_word' id='word_1_245' title='bbox 589 3692 767 3780; x_wconf 85' lang='lat' dir='ltr'>Livianam,</span> <span class='ocrx_word' id='word_1_246' title='bbox 802 3698 849 3760; x_wconf 90' lang='lat' dir='ltr'>ita</span> <span class='ocrx_word' id='word_1_247' title='bbox 884 3704 920 3760; x_wconf 89' lang='lat' dir='ltr'>ut</span> <span class='ocrx_word' id='word_1_248' title='bbox 956 3697 1083 3760; x_wconf 91' lang='lat' dir='ltr'>omnino</span> <span class='ocrx_word' id='word_1_249' title='bbox 1116 3692 1248 3756; x_wconf 89' lang='lat' dir='ltr'>nomina</span> 
     </span>
     <span class='ocr_line' id='line_1_33' title="bbox 183 3799 1247 3886; baseline 0 -21"><span class='ocrx_word' id='word_1_250' title='bbox 183 3802 314 3885; x_wconf 89' lang='lat' dir='ltr'>propria</span> <span class='ocrx_word' id='word_1_251' title='bbox 338 3799 560 3883; x_wconf 87' lang='lat' dir='ltr'>amplectatur.</span> <span class='ocrx_word' id='word_1_252' title='bbox 585 3839 626 3847; x_wconf 94' lang='lat'><strong>—</strong></span> <span class='ocrx_word' id='word_1_253' title='bbox 652 3799 716 3865; x_wconf 83' lang='lat' dir='ltr'>Sed</span> <span class='ocrx_word' id='word_1_254' title='bbox 733 3809 769 3866; x_wconf 91' lang='lat' dir='ltr'>ut</span> <span class='ocrx_word' id='word_1_255' title='bbox 793 3802 834 3866; x_wconf 91' lang='lat' dir='ltr'>ad</span> <span class='ocrx_word' id='word_1_256' title='bbox 851 3802 975 3886; x_wconf 81' lang='lat' dir='ltr'>singula</span> <span class='ocrx_word' id='word_1_257' title='bbox 991 3800 1124 3884; x_wconf 82' lang='lat' dir='ltr'>veniam,</span> <span class='ocrx_word' id='word_1_258' title='bbox 1149 3821 1247 3885; x_wconf 88' lang='lat' dir='ltr'>supra</span> 
     </span>
     <span class='ocr_line' id='line_1_34' title="bbox 182 3905 1246 3994; baseline 0.003 -23"><span class='ocrx_word' id='word_1_259' title='bbox 182 3908 247 3973; x_wconf 88' lang='lat' dir='ltr'>iam</span> <span class='ocrx_word' id='word_1_260' title='bbox 271 3906 444 3990; x_wconf 84' lang='lat' dir='ltr'>significavi</span> <span class='ocrx_word' id='word_1_261' title='bbox 479 3930 499 3971; x_wconf 94' lang='lat' dir='ltr'>a</span> <span class='ocrx_word' id='word_1_262' title='bbox 523 3906 636 3972; x_wconf 89' lang='lat' dir='ltr'>Tacito</span> <span class='ocrx_word' id='word_1_263' title='bbox 671 3909 705 3972; x_wconf 90' lang='lat' dir='ltr'>in</span> <span class='ocrx_word' id='word_1_264' title='bbox 734 3909 951 3974; x_wconf 87' lang='lat' dir='ltr'>enumerando</span> <span class='ocrx_word' id='word_1_265' title='bbox 986 3905 1089 3973; x_wconf 88' lang='lat' dir='ltr'>multo</span> <span class='ocrx_word' id='word_1_266' title='bbox 1118 3911 1246 3994; x_wconf 91' lang='lat' dir='ltr'>saepius</span> 
     </span>
    </p>
   </div>
   <div class='ocr_carea' id='block_1_3' title="bbox 180 4156 1246 4319">
    <p class='ocr_par' dir='ltr' id='par_1_3' title="bbox 180 4156 1246 4319">
     <span class='ocr_line' id='line_1_35' title="bbox 255 4156 1246 4230; baseline 0 -18"><span class='ocrx_word' id='word_1_267' title='bbox 255 4156 277 4230; x_wconf 85' lang='lat'>¹)</span> <span class='ocrx_word' id='word_1_268' title='bbox 298 4157 379 4228; x_wconf 75' lang='lat' dir='ltr'>Quod</span> <span class='ocrx_word' id='word_1_269' title='bbox 399 4159 421 4212; x_wconf 86' lang='lat' dir='ltr'>si</span> <span class='ocrx_word' id='word_1_270' title='bbox 440 4159 585 4228; x_wconf 79' lang='lat' dir='ltr'>probatur,</span> <span class='ocrx_word' id='word_1_271' title='bbox 605 4163 704 4212; x_wconf 87' lang='lat' dir='ltr'>contra</span> <span class='ocrx_word' id='word_1_272' title='bbox 718 4158 863 4212; x_wconf 86' lang='lat' dir='ltr'>Wolffium</span> <span class='ocrx_word' id='word_1_273' title='bbox 881 4159 956 4228; x_wconf 84' lang='lat' dir='ltr'>facit,</span> <span class='ocrx_word' id='word_1_274' title='bbox 977 4158 1010 4213; x_wconf 87' lang='lat' dir='ltr'>cf.</span> <span class='ocrx_word' id='word_1_275' title='bbox 1030 4159 1124 4213; x_wconf 89' lang='lat' dir='ltr'>adnot.</span> <span class='ocrx_word' id='word_1_276' title='bbox 1155 4177 1246 4212; x_wconf 88' lang='lat' dir='ltr'>meam</span> 
     </span>
     <span class='ocr_line' id='line_1_36' title="bbox 180 4246 272 4319; baseline 0.065 -20"><span class='ocrx_word' id='word_1_277' title='bbox 180 4265 209 4319; x_wconf 90' lang='lat' dir='ltr'>p.</span> <span class='ocrx_word' id='word_1_278' title='bbox 227 4246 272 4305; x_wconf 82' lang='lat'>27.</span> 
     </span>
    </p>
   </div>
   <div class='ocr_carea' id='block_1_4' title="bbox 568 4403 1022 4498">
    <p class='ocr_par' dir='ltr' id='par_1_4' title="bbox 568 4403 1022 4498">
     <span class='ocr_line' id='line_1_37' title="bbox 568 4403 1022 4498; baseline -0.002 1"><span class='ocrx_word' id='word_1_279' title='bbox 568 4403 1022 4498; x_wconf 60' lang='grc' dir='ltr'>Γ-’Ἶ</span> 
     </span>
    </p>
   </div>
   <div class='ocr_carea' id='block_1_5' title="bbox 0 0 1422 4846">
    <p class='ocr_par' dir='ltr' id='par_1_5' title="bbox 0 0 1422 4846">
     <span class='ocr_line' id='line_1_38' title="bbox 0 0 1422 4846; baseline 0 5"><span class='ocrx_word' id='word_1_280' title='bbox 0 0 1422 4846; x_wconf 95' lang='lat' dir='ltr'> </span> 
     </span>
    </p>
   </div>
  </div>
 </body>
</html>
