<?xml version="1.0" encoding="UTF-8"?>
<!DOCTYPE html PUBLIC "-//W3C//DTD XHTML 1.0 Transitional//EN"
    "http://www.w3.org/TR/xhtml1/DTD/xhtml1-transitional.dtd">
<html xmlns="http://www.w3.org/1999/xhtml" xml:lang="en" lang="en">
 <head>
  <title>
</title>
<meta http-equiv="Content-Type" content="text/html;charset=utf-8" />
  <meta name='ocr-system' content='tesseract 3.04.00' />
  <meta name='ocr-capabilities' content='ocr_page ocr_carea ocr_par ocr_line ocrx_word'/>
</head>
<body>
  <div class='ocr_page' id='page_1' title='image "./dicendigenustac00petzgoog_0011.png"; bbox 0 0 2836 4846; ppageno 0'>
   <div class='ocr_carea' id='block_1_1' title="bbox 598 280 798 339">
    <p class='ocr_par' dir='ltr' id='par_1_1' title="bbox 598 280 798 339">
     <span class='ocr_line' id='line_1_1' title="bbox 598 280 798 339; baseline 0 -16"><span class='ocrx_word' id='word_1_1' title='bbox 598 280 798 339; x_wconf 73' lang='grc'><strong>..6...</strong></span> 
     </span>
    </p>
   </div>
   <div class='ocr_carea' id='block_1_2' title="bbox 51 471 1312 4313">
    <p class='ocr_par' dir='ltr' id='par_1_2' title="bbox 51 471 1231 1740">
     <span class='ocr_line' id='line_1_2' title="bbox 51 471 1230 560; baseline 0.001 -22"><span class='ocrx_word' id='word_1_2' title='bbox 51 552 54 559; x_wconf 33' lang='grc' dir='ltr'>Ι</span> <span class='ocrx_word' id='word_1_3' title='bbox 162 471 269 556; x_wconf 87' lang='lat' dir='ltr'>genda</span> <span class='ocrx_word' id='word_1_4' title='bbox 292 493 357 538; x_wconf 91' lang='lat' dir='ltr'>non</span> <span class='ocrx_word' id='word_1_5' title='bbox 381 479 470 560; x_wconf 86' lang='lat' dir='ltr'>sunt;</span> <span class='ocrx_word' id='word_1_6' title='bbox 495 493 571 537; x_wconf 89' lang='lat' dir='ltr'>nam</span> <span class='ocrx_word' id='word_1_7' title='bbox 594 472 643 536; x_wconf 88' lang='lat' dir='ltr'>vel</span> <span class='ocrx_word' id='word_1_8' title='bbox 666 472 880 556; x_wconf 89' lang='lat' dir='ltr'>necopinante</span> <span class='ocrx_word' id='word_1_9' title='bbox 903 473 1043 539; x_wconf 88' lang='lat' dir='ltr'>invitove</span> <span class='ocrx_word' id='word_1_10' title='bbox 1070 473 1230 558; x_wconf 77' lang='lat' dir='ltr'><strong>scriptore</strong></span> 
     </span>
     <span class='ocr_line' id='line_1_3' title="bbox 76 579 1231 664; baseline 0.002 -21"><span class='ocrx_word' id='word_1_11' title='bbox 76 645 82 655; x_wconf 74' lang='grc'><em>,</em></span> <span class='ocrx_word' id='word_1_12' title='bbox 162 580 256 657; x_wconf 88' lang='lat' dir='ltr'>aliter</span> <span class='ocrx_word' id='word_1_13' title='bbox 282 579 508 644; x_wconf 88' lang='lat' dir='ltr'>describuntur</span> <span class='ocrx_word' id='word_1_14' title='bbox 531 600 667 662; x_wconf 85' lang='lat' dir='ltr'>magnae</span> <span class='ocrx_word' id='word_1_15' title='bbox 690 602 754 664; x_wconf 76' lang='lat' dir='ltr'>reS,</span> <span class='ocrx_word' id='word_1_16' title='bbox 778 580 873 645; x_wconf 89' lang='lat' dir='ltr'>aliter</span> <span class='ocrx_word' id='word_1_17' title='bbox 894 601 1024 664; x_wconf 87' lang='lat' dir='ltr'>parvae,</span> <span class='ocrx_word' id='word_1_18' title='bbox 1054 581 1231 645; x_wconf 82' lang='lat' dir='ltr'>laetissima</span> 
     </span>
     <span class='ocr_line' id='line_1_4' title="bbox 162 686 1228 771; baseline 0 -19"><span class='ocrx_word' id='word_1_19' title='bbox 162 694 311 771; x_wconf 91' lang='lat' dir='ltr'>tempora</span> <span class='ocrx_word' id='word_1_20' title='bbox 328 687 429 765; x_wconf 88' lang='lat' dir='ltr'>aliter,</span> <span class='ocrx_word' id='word_1_21' title='bbox 448 687 543 751; x_wconf 89' lang='lat' dir='ltr'>aliter</span> <span class='ocrx_word' id='word_1_22' title='bbox 559 687 752 752; x_wconf 87' lang='lat' dir='ltr'>tristissima.</span> <span class='ocrx_word' id='word_1_23' title='bbox 786 686 851 753; x_wconf 84' lang='lat' dir='ltr'>Sed</span> <span class='ocrx_word' id='word_1_24' title='bbox 868 708 950 770; x_wconf 89' lang='lat' dir='ltr'>quae</span> <span class='ocrx_word' id='word_1_25' title='bbox 968 686 1064 753; x_wconf 91' lang='lat' dir='ltr'>modo</span> <span class='ocrx_word' id='word_1_26' title='bbox 1082 687 1228 770; x_wconf 88' lang='lat' dir='ltr'>diximus,</span> 
     </span>
     <span class='ocr_line' id='line_1_5' title="bbox 163 794 1230 877; baseline 0.004 -19"><span class='ocrx_word' id='word_1_27' title='bbox 163 795 255 877; x_wconf 85' lang='lat' dir='ltr'><strong>quasi</strong></span> <span class='ocrx_word' id='word_1_28' title='bbox 278 794 386 859; x_wconf 91' lang='lat' dir='ltr'>aliena</span> <span class='ocrx_word' id='word_1_29' title='bbox 409 801 441 859; x_wconf 93' lang='lat' dir='ltr'>et</span> <span class='ocrx_word' id='word_1_30' title='bbox 463 795 659 859; x_wconf 88' lang='lat' dir='ltr'>extrinsecus</span> <span class='ocrx_word' id='word_1_31' title='bbox 677 800 844 877; x_wconf 88' lang='lat' dir='ltr'>assumpta</span> <span class='ocrx_word' id='word_1_32' title='bbox 860 801 949 860; x_wconf 91' lang='lat' dir='ltr'>sunt:</span> <span class='ocrx_word' id='word_1_33' title='bbox 974 796 1104 861; x_wconf 90' lang='lat' dir='ltr'>maximi</span> <span class='ocrx_word' id='word_1_34' title='bbox 1120 797 1152 859; x_wconf 90' lang='lat' dir='ltr'>in</span> <span class='ocrx_word' id='word_1_35' title='bbox 1168 795 1230 862; x_wconf 91' lang='lat' dir='ltr'>hac</span> 
     </span>
     <span class='ocr_line' id='line_1_6' title="bbox 162 903 1230 985; baseline 0.003 -20"><span class='ocrx_word' id='word_1_36' title='bbox 162 903 351 985; x_wconf 80' lang='lat' dir='ltr'>quaestione</span> <span class='ocrx_word' id='word_1_37' title='bbox 375 904 529 968; x_wconf 80' lang='lat' dir='ltr'><strong>momenti</strong></span> <span class='ocrx_word' id='word_1_38' title='bbox 553 909 602 968; x_wconf 90' lang='lat' dir='ltr'>est</span> <span class='ocrx_word' id='word_1_39' title='bbox 625 903 793 985; x_wconf 91' lang='lat' dir='ltr'>utriusque</span> <span class='ocrx_word' id='word_1_40' title='bbox 816 903 996 984; x_wconf 82' lang='lat' dir='ltr'>ingenium3</span> <span class='ocrx_word' id='word_1_41' title='bbox 1025 903 1059 968; x_wconf 91' lang='lat' dir='ltr'>in</span> <span class='ocrx_word' id='word_1_42' title='bbox 1083 925 1120 968; x_wconf 92' lang='lat' dir='ltr'>eo</span> <span class='ocrx_word' id='word_1_43' title='bbox 1146 904 1230 968; x_wconf 91' lang='lat' dir='ltr'>enim</span> 
     </span>
     <span class='ocr_line' id='line_1_7' title="bbox 160 1007 1230 1094; baseline 0.003 -22"><span class='ocrx_word' id='word_1_44' title='bbox 160 1009 362 1093; x_wconf 86' lang='lat' dir='ltr'>potissimum</span> <span class='ocrx_word' id='word_1_45' title='bbox 388 1009 584 1094; x_wconf 78' lang='lat' dir='ltr'>conspicitur</span> <span class='ocrx_word' id='word_1_46' title='bbox 600 1010 762 1092; x_wconf 88' lang='lat' dir='ltr'>singulare</span> <span class='ocrx_word' id='word_1_47' title='bbox 779 1007 906 1072; x_wconf 90' lang='lat' dir='ltr'>dicendi</span> <span class='ocrx_word' id='word_1_48' title='bbox 922 1030 1030 1092; x_wconf 91' lang='lat' dir='ltr'>genus.</span> <span class='ocrx_word' id='word_1_49' title='bbox 1078 1009 1230 1093; x_wconf 80' lang='lat' dir='ltr'>Namque</span> 
     </span>
     <span class='ocr_line' id='line_1_8' title="bbox 160 1116 1230 1200; baseline 0.002 -20"><span class='ocrx_word' id='word_1_50' title='bbox 160 1117 270 1200; x_wconf 87' lang='lat' dir='ltr'>magni</span> <span class='ocrx_word' id='word_1_51' title='bbox 293 1117 412 1200; x_wconf 88' lang='lat' dir='ltr'>ingenii</span> <span class='ocrx_word' id='word_1_52' title='bbox 436 1117 575 1200; x_wconf 90' lang='lat' dir='ltr'>scriptor</span> <span class='ocrx_word' id='word_1_53' title='bbox 599 1138 636 1181; x_wconf 90' lang='lat' dir='ltr'>eo</span> <span class='ocrx_word' id='word_1_54' title='bbox 660 1116 799 1181; x_wconf 84' lang='lat' dir='ltr'>maxime</span> <span class='ocrx_word' id='word_1_55' title='bbox 824 1117 936 1200; x_wconf 83' lang='lat' dir='ltr'>elucet,</span> <span class='ocrx_word' id='word_1_56' title='bbox 961 1116 1049 1199; x_wconf 91' lang='lat' dir='ltr'>quod</span> <span class='ocrx_word' id='word_1_57' title='bbox 1073 1137 1137 1180; x_wconf 92' lang='lat' dir='ltr'>non</span> <span class='ocrx_word' id='word_1_58' title='bbox 1161 1123 1230 1182; x_wconf 87' lang='lat' dir='ltr'>tam</span> 
     </span>
     <span class='ocr_line' id='line_1_9' title="bbox 162 1223 1229 1309; baseline 0.001 -21"><span class='ocrx_word' id='word_1_59' title='bbox 162 1245 195 1288; x_wconf 91' lang='lat' dir='ltr'>se</span> <span class='ocrx_word' id='word_1_60' title='bbox 220 1223 263 1288; x_wconf 89' lang='lat' dir='ltr'>ad</span> <span class='ocrx_word' id='word_1_61' title='bbox 287 1225 470 1309; x_wconf 87' lang='lat' dir='ltr'>opinionem</span> <span class='ocrx_word' id='word_1_62' title='bbox 496 1224 660 1289; x_wconf 91' lang='lat' dir='ltr'>hominum</span> <span class='ocrx_word' id='word_1_63' title='bbox 685 1223 908 1288; x_wconf 88' lang='lat' dir='ltr'>accommodat</span> <span class='ocrx_word' id='word_1_64' title='bbox 937 1246 1034 1306; x_wconf 89' lang='lat' dir='ltr'>quam</span> <span class='ocrx_word' id='word_1_65' title='bbox 1062 1224 1229 1289; x_wconf 88' lang='lat' dir='ltr'>hominum</span> 
     </span>
     <span class='ocr_line' id='line_1_10' title="bbox 161 1329 1229 1417; baseline -0.002 -20"><span class='ocrx_word' id='word_1_66' title='bbox 161 1332 342 1417; x_wconf 90' lang='lat' dir='ltr'>opinionem</span> <span class='ocrx_word' id='word_1_67' title='bbox 367 1331 476 1414; x_wconf 82' lang='lat' dir='ltr'>ad&#39;se,</span> <span class='ocrx_word' id='word_1_68' title='bbox 501 1330 560 1412; x_wconf 88' lang='lat' dir='ltr'>vel,</span> <span class='ocrx_word' id='word_1_69' title='bbox 585 1353 625 1396; x_wconf 91' lang='lat' dir='ltr'>ne</span> <span class='ocrx_word' id='word_1_70' title='bbox 647 1331 762 1413; x_wconf 92' lang='lat' dir='ltr'>longus</span> <span class='ocrx_word' id='word_1_71' title='bbox 787 1331 856 1412; x_wconf 89' lang='lat' dir='ltr'>sim,</span> <span class='ocrx_word' id='word_1_72' title='bbox 882 1351 919 1395; x_wconf 88' lang='lat' dir='ltr'>eo</span> <span class='ocrx_word' id='word_1_73' title='bbox 944 1329 1031 1414; x_wconf 91' lang='lat' dir='ltr'>quod</span> <span class='ocrx_word' id='word_1_74' title='bbox 1050 1333 1229 1397; x_wconf 90' lang='lat' dir='ltr'>orationem</span> 
     </span>
     <span class='ocr_line' id='line_1_11' title="bbox 162 1440 1229 1524; baseline 0 -20"><span class='ocrx_word' id='word_1_75' title='bbox 162 1462 253 1505; x_wconf 91' lang='lat' dir='ltr'>suam</span> <span class='ocrx_word' id='word_1_76' title='bbox 277 1441 410 1505; x_wconf 88' lang='lat' dir='ltr'>vinculis</span> <span class='ocrx_word' id='word_1_77' title='bbox 434 1440 496 1505; x_wconf 89' lang='lat' dir='ltr'>illis</span> <span class='ocrx_word' id='word_1_78' title='bbox 521 1446 703 1524; x_wconf 91' lang='lat' dir='ltr'>temporum</span> <span class='ocrx_word' id='word_1_79' title='bbox 737 1444 770 1504; x_wconf 89' lang='lat' dir='ltr'>et</span> <span class='ocrx_word' id='word_1_80' title='bbox 796 1460 904 1503; x_wconf 92' lang='lat' dir='ltr'>rerum</span> <span class='ocrx_word' id='word_1_81' title='bbox 931 1440 1033 1521; x_wconf 85' lang='lat' dir='ltr'>magis</span> <span class='ocrx_word' id='word_1_82' title='bbox 1062 1441 1229 1522; x_wconf 85' lang='lat' dir='ltr'>magisque</span> 
     </span>
     <span class='ocr_line' id='line_1_12' title="bbox 160 1546 1229 1632; baseline -0.002 -19"><span class='ocrx_word' id='word_1_83' title='bbox 160 1547 299 1613; x_wconf 90' lang='lat' dir='ltr'>liberare</span> <span class='ocrx_word' id='word_1_84' title='bbox 333 1554 366 1612; x_wconf 89' lang='lat' dir='ltr'>et</span> <span class='ocrx_word' id='word_1_85' title='bbox 396 1546 438 1611; x_wconf 89' lang='lat' dir='ltr'>ad</span> <span class='ocrx_word' id='word_1_86' title='bbox 473 1568 507 1612; x_wconf 91' lang='lat' dir='ltr'>se</span> <span class='ocrx_word' id='word_1_87' title='bbox 539 1548 644 1632; x_wconf 92' lang='lat' dir='ltr'>ipsum</span> <span class='ocrx_word' id='word_1_88' title='bbox 678 1553 846 1629; x_wconf 79' lang='lat' dir='ltr'>tamquam</span> <span class='ocrx_word' id='word_1_89' title='bbox 870 1546 911 1611; x_wconf 93' lang='lat' dir='ltr'>ad</span> <span class='ocrx_word' id='word_1_90' title='bbox 945 1547 1048 1611; x_wconf 90' lang='lat' dir='ltr'>solam</span> <span class='ocrx_word' id='word_1_91' title='bbox 1083 1568 1229 1611; x_wconf 90' lang='lat' dir='ltr'>normam</span> 
     </span>
     <span class='ocr_line' id='line_1_13' title="bbox 162 1654 442 1740; baseline -0.007 -20"><span class='ocrx_word' id='word_1_92' title='bbox 162 1655 301 1740; x_wconf 89' lang='lat' dir='ltr'>dirigere</span> <span class='ocrx_word' id='word_1_93' title='bbox 325 1654 442 1719; x_wconf 89' lang='lat' dir='ltr'>studet.</span> 
     </span>
    </p>

    <p class='ocr_par' dir='ltr' id='par_1_3' title="bbox 156 1759 1312 4313">
     <span class='ocr_line' id='line_1_14' title="bbox 250 1759 1300 1846; baseline -0.005 -16"><span class='ocrx_word' id='word_1_94' title='bbox 250 1764 296 1830; x_wconf 90' lang='lat' dir='ltr'>Ut</span> <span class='ocrx_word' id='word_1_95' title='bbox 318 1762 419 1845; x_wconf 89' lang='lat' dir='ltr'>igitur</span> <span class='ocrx_word' id='word_1_96' title='bbox 442 1762 482 1826; x_wconf 91' lang='lat' dir='ltr'>de</span> <span class='ocrx_word' id='word_1_97' title='bbox 500 1762 698 1846; x_wconf 88' lang='lat' dir='ltr'>temporibus</span> <span class='ocrx_word' id='word_1_98' title='bbox 714 1761 853 1844; x_wconf 90' lang='lat' dir='ltr'>primum</span> <span class='ocrx_word' id='word_1_99' title='bbox 869 1759 1045 1843; x_wconf 87' lang='lat' dir='ltr'>videamus,</span> <span class='ocrx_word' id='word_1_100' title='bbox 1069 1760 1139 1826; x_wconf 90' lang='lat' dir='ltr'>fieri</span> <span class='ocrx_word' id='word_1_101' title='bbox 1155 1782 1229 1845; x_wconf 91' lang='lat' dir='ltr'>pro·</span> <span class='ocrx_word' id='word_1_102' title='bbox 1297 1766 1300 1777; x_wconf 82' lang='grc'><em>’</em></span> 
     </span>
     <span class='ocr_line' id='line_1_15' title="bbox 159 1869 1228 1953; baseline -0.002 -16"><span class='ocrx_word' id='word_1_103' title='bbox 159 1872 244 1938; x_wconf 80' lang='lat' dir='ltr'>fecto</span> <span class='ocrx_word' id='word_1_104' title='bbox 268 1892 334 1935; x_wconf 90' lang='lat' dir='ltr'>non</span> <span class='ocrx_word' id='word_1_105' title='bbox 362 1871 478 1953; x_wconf 92' lang='lat' dir='ltr'>potuit,</span> <span class='ocrx_word' id='word_1_106' title='bbox 509 1872 595 1953; x_wconf 89' lang='lat' dir='ltr'>quin,</span> <span class='ocrx_word' id='word_1_107' title='bbox 626 1891 698 1934; x_wconf 92' lang='lat' dir='ltr'>cum</span> <span class='ocrx_word' id='word_1_108' title='bbox 727 1870 869 1934; x_wconf 91' lang='lat' dir='ltr'>omnium</span> <span class='ocrx_word' id='word_1_109' title='bbox 897 1869 994 1933; x_wconf 90' lang='lat' dir='ltr'>animi</span> <span class='ocrx_word' id='word_1_110' title='bbox 1023 1870 1145 1951; x_wconf 86' lang='lat' dir='ltr'>ingenti</span> <span class='ocrx_word' id='word_1_111' title='bbox 1172 1870 1228 1935; x_wconf 94' lang='lat' dir='ltr'>illo</span> 
     </span>
     <span class='ocr_line' id='line_1_16' title="bbox 159 1976 1229 2060; baseline 0.002 -22"><span class='ocrx_word' id='word_1_112' title='bbox 159 1983 249 2040; x_wconf 91' lang='lat' dir='ltr'>motu</span> <span class='ocrx_word' id='word_1_113' title='bbox 285 1984 542 2057; x_wconf 85' lang='lat' dir='ltr'>concuterentur,</span> <span class='ocrx_word' id='word_1_114' title='bbox 580 1998 643 2059; x_wconf 91' lang='lat' dir='ltr'>quo</span> <span class='ocrx_word' id='word_1_115' title='bbox 680 1983 878 2042; x_wconf 89' lang='lat' dir='ltr'>commutata</span> <span class='ocrx_word' id='word_1_116' title='bbox 913 1984 962 2040; x_wconf 91' lang='lat' dir='ltr'>est</span> <span class='ocrx_word' id='word_1_117' title='bbox 996 1977 1043 2040; x_wconf 89' lang='lat' dir='ltr'>rei</span> <span class='ocrx_word' id='word_1_118' title='bbox 1078 1976 1229 2060; x_wconf 90' lang='lat' dir='ltr'>publicae</span> 
     </span>
     <span class='ocr_line' id='line_1_17' title="bbox 159 2082 1228 2168; baseline 0.003 -22"><span class='ocrx_word' id='word_1_119' title='bbox 159 2082 276 2166; x_wconf 84' lang='lat' dir='ltr'>forma,</span> <span class='ocrx_word' id='word_1_120' title='bbox 311 2086 424 2168; x_wconf 88' lang='lat' dir='ltr'>lingua</span> <span class='ocrx_word' id='word_1_121' title='bbox 455 2107 582 2168; x_wconf 91' lang='lat' dir='ltr'>quoque</span> <span class='ocrx_word' id='word_1_122' title='bbox 615 2089 849 2165; x_wconf 89' lang='lat' dir='ltr'>immutaretur,</span> <span class='ocrx_word' id='word_1_123' title='bbox 881 2085 988 2148; x_wconf 91' lang='lat' dir='ltr'>itaut</span> <span class='ocrx_word' id='word_1_124' title='bbox 1018 2085 1107 2148; x_wconf 89' lang='lat' dir='ltr'>novis</span> <span class='ocrx_word' id='word_1_125' title='bbox 1131 2084 1228 2149; x_wconf 88' lang='lat' dir='ltr'>rebus</span> 
     </span>
     <span class='ocr_line' id='line_1_18' title="bbox 160 2188 1228 2274; baseline 0.002 -21"><span class='ocrx_word' id='word_1_126' title='bbox 160 2192 355 2257; x_wconf 85' lang='lat' dir='ltr'>conveniret.</span> <span class='ocrx_word' id='word_1_127' title='bbox 412 2191 524 2274; x_wconf 87' lang='lat' dir='ltr'>Atque</span> <span class='ocrx_word' id='word_1_128' title='bbox 557 2197 634 2255; x_wconf 90' lang='lat' dir='ltr'>tunc</span> <span class='ocrx_word' id='word_1_129' title='bbox 664 2191 820 2272; x_wconf 90' lang='lat' dir='ltr'>homines,</span> <span class='ocrx_word' id='word_1_130' title='bbox 853 2188 1056 2254; x_wconf 79' lang='lat' dir='ltr'>Graecorum</span> <span class='ocrx_word' id='word_1_131' title='bbox 1089 2192 1228 2256; x_wconf 91' lang='lat' dir='ltr'>maxime</span> 
     </span>
     <span class='ocr_line' id='line_1_19' title="bbox 159 2296 1230 2385; baseline 0.002 -25"><span class='ocrx_word' id='word_1_132' title='bbox 159 2296 275 2362; x_wconf 88' lang='lat' dir='ltr'>litteris</span> <span class='ocrx_word' id='word_1_133' title='bbox 301 2299 490 2382; x_wconf 87' lang='lat' dir='ltr'>artibusque</span> <span class='ocrx_word' id='word_1_134' title='bbox 513 2299 628 2382; x_wconf 92' lang='lat' dir='ltr'>induti,</span> <span class='ocrx_word' id='word_1_135' title='bbox 657 2298 690 2363; x_wconf 92' lang='lat' dir='ltr'>id</span> <span class='ocrx_word' id='word_1_136' title='bbox 714 2298 870 2383; x_wconf 90' lang='lat' dir='ltr'>imprimis</span> <span class='ocrx_word' id='word_1_137' title='bbox 901 2319 1032 2381; x_wconf 91' lang='lat' dir='ltr'>operam</span> <span class='ocrx_word' id='word_1_138' title='bbox 1061 2296 1230 2385; x_wconf 83' lang='lat' dir='ltr'>dederunt,</span> 
     </span>
     <span class='ocr_line' id='line_1_20' title="bbox 159 2405 1228 2491; baseline 0.003 -24"><span class='ocrx_word' id='word_1_139' title='bbox 159 2410 196 2467; x_wconf 92' lang='lat' dir='ltr'>ut</span> <span class='ocrx_word' id='word_1_140' title='bbox 220 2405 325 2469; x_wconf 93' lang='lat' dir='ltr'>soluto</span> <span class='ocrx_word' id='word_1_141' title='bbox 350 2407 475 2491; x_wconf 90' lang='lat' dir='ltr'>priscae</span> <span class='ocrx_word' id='word_1_142' title='bbox 499 2406 738 2471; x_wconf 85' lang='lat' dir='ltr'>consuetudinis</span> <span class='ocrx_word' id='word_1_143' title='bbox 763 2406 889 2471; x_wconf 88' lang='lat' dir='ltr'>vinculo</span> <span class='ocrx_word' id='word_1_144' title='bbox 906 2407 1061 2470; x_wconf 92' lang='lat' dir='ltr'>maiorem</span> <span class='ocrx_word' id='word_1_145' title='bbox 1083 2406 1117 2469; x_wconf 92' lang='lat' dir='ltr'>in</span> <span class='ocrx_word' id='word_1_146' title='bbox 1133 2406 1228 2470; x_wconf 90' lang='lat' dir='ltr'>liber·</span> 
     </span>
     <span class='ocr_line' id='line_1_21' title="bbox 159 2512 1229 2597; baseline 0.005 -23"><span class='ocrx_word' id='word_1_147' title='bbox 159 2516 260 2575; x_wconf 92' lang='lat' dir='ltr'>tatem</span> <span class='ocrx_word' id='word_1_148' title='bbox 285 2533 319 2577; x_wconf 90' lang='lat' dir='ltr'>se</span> <span class='ocrx_word' id='word_1_149' title='bbox 342 2512 543 2577; x_wconf 89' lang='lat' dir='ltr'>vindicarent</span> <span class='ocrx_word' id='word_1_150' title='bbox 567 2513 691 2594; x_wconf 89' lang='lat' dir='ltr'>sibique</span> <span class='ocrx_word' id='word_1_151' title='bbox 713 2512 792 2597; x_wconf 90' lang='lat' dir='ltr'>ipsis</span> <span class='ocrx_word' id='word_1_152' title='bbox 822 2534 919 2594; x_wconf 92' lang='lat' dir='ltr'>quam</span> <span class='ocrx_word' id='word_1_153' title='bbox 943 2514 1115 2577; x_wconf 86' lang='lat' dir='ltr'>maximam</span> <span class='ocrx_word' id='word_1_154' title='bbox 1145 2514 1229 2580; x_wconf 86' lang='lat' dir='ltr'>faee-</span> 
     </span>
     <span class='ocr_line' id='line_1_22' title="bbox 158 2618 1230 2703; baseline 0.005 -21"><span class='ocrx_word' id='word_1_155' title='bbox 158 2624 232 2683; x_wconf 92' lang='lat' dir='ltr'>rent</span> <span class='ocrx_word' id='word_1_156' title='bbox 256 2621 383 2703; x_wconf 90' lang='lat' dir='ltr'>copiam</span> <span class='ocrx_word' id='word_1_157' title='bbox 407 2643 499 2684; x_wconf 92' lang='lat' dir='ltr'>suum</span> <span class='ocrx_word' id='word_1_158' title='bbox 530 2643 663 2685; x_wconf 86' lang='lat' dir='ltr'>acumen</span> <span class='ocrx_word' id='word_1_159' title='bbox 686 2618 870 2685; x_wconf 89' lang='lat' dir='ltr'>ostentandi</span> <span class='ocrx_word' id='word_1_160' title='bbox 898 2625 930 2683; x_wconf 93' lang='lat' dir='ltr'>et</span> <span class='ocrx_word' id='word_1_161' title='bbox 959 2618 1101 2685; x_wconf 89' lang='lat' dir='ltr'>artificiis</span> <span class='ocrx_word' id='word_1_162' title='bbox 1131 2628 1230 2687; x_wconf 89' lang='lat' dir='ltr'>antea</span> 
     </span>
     <span class='ocr_line' id='line_1_23' title="bbox 158 2723 1224 2809; baseline 0.004 -21"><span class='ocrx_word' id='word_1_163' title='bbox 158 2725 312 2790; x_wconf 88' lang='lat' dir='ltr'>inauditis</span> <span class='ocrx_word' id='word_1_164' title='bbox 334 2726 511 2809; x_wconf 88' lang='lat' dir='ltr'>legentium</span> <span class='ocrx_word' id='word_1_165' title='bbox 540 2728 663 2792; x_wconf 89' lang='lat' dir='ltr'>animos</span> <span class='ocrx_word' id='word_1_166' title='bbox 693 2726 870 2794; x_wconf 85' lang='lat' dir='ltr'>allicerent.</span> <span class='ocrx_word' id='word_1_167' title='bbox 918 2723 992 2809; x_wconf 76' lang='lat' dir='ltr'>Quo</span> <span class='ocrx_word' id='word_1_168' title='bbox 1020 2726 1141 2792; x_wconf 87' lang='lat' dir='ltr'>factum</span> <span class='ocrx_word' id='word_1_169' title='bbox 1167 2734 1224 2808; x_wconf 90' lang='lat' dir='ltr'>est,</span> 
     </span>
     <span class='ocr_line' id='line_1_24' title="bbox 159 2834 1227 2918; baseline 0.002 -22"><span class='ocrx_word' id='word_1_170' title='bbox 159 2841 195 2896; x_wconf 93' lang='lat' dir='ltr'>ut</span> <span class='ocrx_word' id='word_1_171' title='bbox 220 2834 417 2899; x_wconf 88' lang='lat' dir='ltr'>excitaretur</span> <span class='ocrx_word' id='word_1_172' title='bbox 442 2835 582 2900; x_wconf 91' lang='lat' dir='ltr'>studium</span> <span class='ocrx_word' id='word_1_173' title='bbox 607 2834 770 2917; x_wconf 89' lang='lat' dir='ltr'>quoddam</span> <span class='ocrx_word' id='word_1_174' title='bbox 796 2839 964 2898; x_wconf 85' lang='lat' dir='ltr'>venustam</span> <span class='ocrx_word' id='word_1_175' title='bbox 982 2835 1227 2918; x_wconf 86' lang='lat' dir='ltr'>elegantemque</span> 
     </span>
     <span class='ocr_line' id='line_1_25' title="bbox 160 2940 1225 3024; baseline -0.001 -21"><span class='ocrx_word' id='word_1_176' title='bbox 160 2940 319 3005; x_wconf 89' lang='lat' dir='ltr'>reddendi</span> <span class='ocrx_word' id='word_1_177' title='bbox 344 2943 534 3024; x_wconf 89' lang='lat' dir='ltr'>orationem,</span> <span class='ocrx_word' id='word_1_178' title='bbox 560 2943 650 3008; x_wconf 86' lang='lat' dir='ltr'>haud</span> <span class='ocrx_word' id='word_1_179' title='bbox 674 2962 750 3006; x_wconf 89' lang='lat' dir='ltr'>raro</span> <span class='ocrx_word' id='word_1_180' title='bbox 774 2941 871 3004; x_wconf 88' lang='lat' dir='ltr'>rebus</span> <span class='ocrx_word' id='word_1_181' title='bbox 896 2942 1049 3022; x_wconf 89' lang='lat' dir='ltr'>neglectis</span> <span class='ocrx_word' id='word_1_182' title='bbox 1076 2962 1156 3022; x_wconf 89' lang='lat' dir='ltr'>prae</span> <span class='ocrx_word' id='word_1_183' title='bbox 1180 2940 1225 3003; x_wconf 93' lang='lat' dir='ltr'>di-</span> 
     </span>
     <span class='ocr_line' id='line_1_26' title="bbox 159 3046 1227 3136; baseline 0.002 -25"><span class='ocrx_word' id='word_1_184' title='bbox 159 3047 252 3112; x_wconf 91' lang='lat' dir='ltr'>cendi</span> <span class='ocrx_word' id='word_1_185' title='bbox 269 3054 355 3136; x_wconf 78' lang='lat' dir='ltr'>arte3</span> <span class='ocrx_word' id='word_1_186' title='bbox 379 3050 571 3134; x_wconf 88' lang='lat' dir='ltr'>praesertim</span> <span class='ocrx_word' id='word_1_187' title='bbox 588 3072 658 3115; x_wconf 91' lang='lat' dir='ltr'>cum</span> <span class='ocrx_word' id='word_1_188' title='bbox 680 3050 828 3132; x_wconf 86' lang='lat' dir='ltr'>potentia</span> <span class='ocrx_word' id='word_1_189' title='bbox 849 3049 936 3113; x_wconf 90' lang='lat' dir='ltr'>omni</span> <span class='ocrx_word' id='word_1_190' title='bbox 955 3047 998 3112; x_wconf 89' lang='lat' dir='ltr'>ad</span> <span class='ocrx_word' id='word_1_191' title='bbox 1018 3070 1116 3111; x_wconf 90' lang='lat' dir='ltr'>unum</span> <span class='ocrx_word' id='word_1_192' title='bbox 1139 3046 1227 3113; x_wconf 88' lang='lat' dir='ltr'>dela-</span> 
     </span>
     <span class='ocr_line' id='line_1_27' title="bbox 158 3153 1226 3239; baseline 0.002 -21"><span class='ocrx_word' id='word_1_193' title='bbox 158 3160 194 3219; x_wconf 86' lang='lat' dir='ltr'>ta</span> <span class='ocrx_word' id='word_1_194' title='bbox 216 3155 347 3239; x_wconf 89' lang='lat' dir='ltr'>plurimi</span> <span class='ocrx_word' id='word_1_195' title='bbox 372 3155 412 3222; x_wconf 94' lang='lat' dir='ltr'>de</span> <span class='ocrx_word' id='word_1_196' title='bbox 437 3159 598 3222; x_wconf 87' lang='lat' dir='ltr'>communi</span> <span class='ocrx_word' id='word_1_197' title='bbox 622 3158 687 3221; x_wconf 87' lang='lat' dir='ltr'>vita</span> <span class='ocrx_word' id='word_1_198' title='bbox 711 3157 814 3221; x_wconf 91' lang='lat' dir='ltr'>securi</span> <span class='ocrx_word' id='word_1_199' title='bbox 838 3178 902 3221; x_wconf 92' lang='lat' dir='ltr'>non</span> <span class='ocrx_word' id='word_1_200' title='bbox 932 3157 997 3219; x_wconf 88' lang='lat' dir='ltr'>iam</span> <span class='ocrx_word' id='word_1_201' title='bbox 1026 3153 1226 3237; x_wconf 82' lang='lat' dir='ltr'>erigerentur</span> 
     </span>
     <span class='ocr_line' id='line_1_28' title="bbox 158 3256 1312 3347; baseline 0.002 -21"><span class='ocrx_word' id='word_1_202' title='bbox 158 3263 283 3345; x_wconf 85' lang='lat' dir='ltr'>magnis</span> <span class='ocrx_word' id='word_1_203' title='bbox 308 3264 496 3347; x_wconf 90' lang='lat' dir='ltr'>eximiisque</span> <span class='ocrx_word' id='word_1_204' title='bbox 520 3265 701 3346; x_wconf 89' lang='lat' dir='ltr'>virtutibus,</span> <span class='ocrx_word' id='word_1_205' title='bbox 728 3286 811 3347; x_wconf 91' lang='lat' dir='ltr'>quae</span> <span class='ocrx_word' id='word_1_206' title='bbox 835 3265 867 3328; x_wconf 93' lang='lat' dir='ltr'>in</span> <span class='ocrx_word' id='word_1_207' title='bbox 892 3263 1014 3347; x_wconf 89' lang='lat' dir='ltr'>scripta</span> <span class='ocrx_word' id='word_1_208' title='bbox 1040 3262 1227 3328; x_wconf 88' lang='lat' dir='ltr'>redundare</span> <span class='ocrx_word' id='word_1_209' title='bbox 1309 3256 1312 3264; x_wconf 68' lang='grc'><strong>’</strong></span> 
     </span>
     <span class='ocr_line' id='line_1_29' title="bbox 159 3371 1225 3457; baseline -0.002 -21"><span class='ocrx_word' id='word_1_210' title='bbox 159 3377 300 3453; x_wconf 90' lang='lat' dir='ltr'>possent.</span> <span class='ocrx_word' id='word_1_211' title='bbox 348 3371 395 3436; x_wconf 83' lang='lat' dir='ltr'>Et</span> <span class='ocrx_word' id='word_1_212' title='bbox 429 3375 573 3456; x_wconf 85' lang='lat' dir='ltr'>quamvis</span> <span class='ocrx_word' id='word_1_213' title='bbox 607 3372 859 3457; x_wconf 89' lang='lat' dir='ltr'>amplificaretur</span> <span class='ocrx_word' id='word_1_214' title='bbox 892 3377 990 3453; x_wconf 89' lang='lat' dir='ltr'>atque</span> <span class='ocrx_word' id='word_1_215' title='bbox 1024 3371 1225 3437; x_wconf 86' lang='lat' dir='ltr'>excoleretur</span> 
     </span>
     <span class='ocr_line' id='line_1_30' title="bbox 159 3478 1227 3562; baseline 0 -19"><span class='ocrx_word' id='word_1_216' title='bbox 159 3478 271 3561; x_wconf 89' lang='lat' dir='ltr'>lingua</span> <span class='ocrx_word' id='word_1_217' title='bbox 288 3478 407 3544; x_wconf 85' lang='lat' dir='ltr'>Latina</span> <span class='ocrx_word' id='word_1_218' title='bbox 423 3481 607 3561; x_wconf 89' lang='lat' dir='ltr'>multorum,</span> <span class='ocrx_word' id='word_1_219' title='bbox 633 3481 688 3562; x_wconf 90' lang='lat' dir='ltr'>qui</span> <span class='ocrx_word' id='word_1_220' title='bbox 711 3481 743 3543; x_wconf 90' lang='lat' dir='ltr'>in</span> <span class='ocrx_word' id='word_1_221' title='bbox 759 3479 875 3543; x_wconf 87' lang='lat' dir='ltr'>litteris</span> <span class='ocrx_word' id='word_1_222' title='bbox 900 3501 1025 3543; x_wconf 91' lang='lat' dir='ltr'>summa</span> <span class='ocrx_word' id='word_1_223' title='bbox 1041 3501 1113 3543; x_wconf 91' lang='lat' dir='ltr'>cum</span> <span class='ocrx_word' id='word_1_224' title='bbox 1130 3478 1227 3543; x_wconf 92' lang='lat' dir='ltr'>laude</span> 
     </span>
     <span class='ocr_line' id='line_1_31' title="bbox 159 3585 1226 3673; baseline -0.003 -22"><span class='ocrx_word' id='word_1_225' title='bbox 159 3589 380 3670; x_wconf 85' lang='lat' dir='ltr'>versabantur,</span> <span class='ocrx_word' id='word_1_226' title='bbox 404 3587 575 3673; x_wconf 88' lang='lat' dir='ltr'>praeclara</span> <span class='ocrx_word' id='word_1_227' title='bbox 592 3608 701 3672; x_wconf 91' lang='lat' dir='ltr'>opera,</span> <span class='ocrx_word' id='word_1_228' title='bbox 727 3595 835 3651; x_wconf 92' lang='lat' dir='ltr'>tamen</span> <span class='ocrx_word' id='word_1_229' title='bbox 851 3588 978 3671; x_wconf 89' lang='lat' dir='ltr'>priscae</span> <span class='ocrx_word' id='word_1_230' title='bbox 1000 3588 1077 3651; x_wconf 90' lang='lat' dir='ltr'>illae</span> <span class='ocrx_word' id='word_1_231' title='bbox 1099 3592 1130 3650; x_wconf 90' lang='lat' dir='ltr'>et</span> <span class='ocrx_word' id='word_1_232' title='bbox 1154 3585 1226 3649; x_wconf 89' lang='lat' dir='ltr'>sim-</span> 
     </span>
     <span class='ocr_line' id='line_1_32' title="bbox 157 3692 1226 3780; baseline -0.003 -22"><span class='ocrx_word' id='word_1_233' title='bbox 157 3694 256 3779; x_wconf 90' lang='lat' dir='ltr'>plices</span> <span class='ocrx_word' id='word_1_234' title='bbox 280 3696 401 3760; x_wconf 90' lang='lat' dir='ltr'>liberae</span> <span class='ocrx_word' id='word_1_235' title='bbox 424 3696 472 3760; x_wconf 90' lang='lat' dir='ltr'>rei</span> <span class='ocrx_word' id='word_1_236' title='bbox 494 3695 644 3780; x_wconf 89' lang='lat' dir='ltr'>publicae</span> <span class='ocrx_word' id='word_1_237' title='bbox 667 3694 753 3776; x_wconf 89' lang='lat' dir='ltr'>leges</span> <span class='ocrx_word' id='word_1_238' title='bbox 775 3692 934 3760; x_wconf 88' lang='lat' dir='ltr'>oblivione</span> <span class='ocrx_word' id='word_1_239' title='bbox 957 3692 1177 3758; x_wconf 89' lang='lat' dir='ltr'>obruebantur</span> <span class='ocrx_word' id='word_1_240' title='bbox 1193 3698 1226 3756; x_wconf 88' lang='lat' dir='ltr'>et</span> 
     </span>
     <span class='ocr_line' id='line_1_33' title="bbox 159 3799 1225 3883; baseline -0.001 -18"><span class='ocrx_word' id='word_1_241' title='bbox 159 3802 256 3866; x_wconf 89' lang='lat' dir='ltr'>alieni</span> <span class='ocrx_word' id='word_1_242' title='bbox 280 3800 321 3866; x_wconf 89' lang='lat' dir='ltr'>ab</span> <span class='ocrx_word' id='word_1_243' title='bbox 345 3803 406 3867; x_wconf 91' lang='lat' dir='ltr'>illis</span> <span class='ocrx_word' id='word_1_244' title='bbox 430 3824 536 3867; x_wconf 89' lang='lat' dir='ltr'>mores</span> <span class='ocrx_word' id='word_1_245' title='bbox 559 3803 592 3865; x_wconf 91' lang='lat' dir='ltr'>in</span> <span class='ocrx_word' id='word_1_246' title='bbox 616 3801 759 3883; x_wconf 89' lang='lat' dir='ltr'>linguam</span> <span class='ocrx_word' id='word_1_247' title='bbox 776 3799 1023 3883; x_wconf 91' lang='lat' dir='ltr'>inducebantur,</span> <span class='ocrx_word' id='word_1_248' title='bbox 1048 3800 1136 3865; x_wconf 86' lang='lat' dir='ltr'>velut</span> <span class='ocrx_word' id='word_1_249' title='bbox 1160 3807 1225 3865; x_wconf 90' lang='lat' dir='ltr'>stu-</span> 
     </span>
     <span class='ocr_line' id='line_1_34' title="bbox 158 3905 1226 3991; baseline -0.002 -18"><span class='ocrx_word' id='word_1_250' title='bbox 158 3908 245 3973; x_wconf 91' lang='lat' dir='ltr'>dium</span> <span class='ocrx_word' id='word_1_251' title='bbox 270 3914 368 3991; x_wconf 91' lang='lat' dir='ltr'>atque</span> <span class='ocrx_word' id='word_1_252' title='bbox 386 3930 476 3973; x_wconf 92' lang='lat' dir='ltr'>amor</span> <span class='ocrx_word' id='word_1_253' title='bbox 501 3930 572 3973; x_wconf 92' lang='lat' dir='ltr'>eum</span> <span class='ocrx_word' id='word_1_254' title='bbox 590 3906 632 3972; x_wconf 91' lang='lat' dir='ltr'>ad</span> <span class='ocrx_word' id='word_1_255' title='bbox 649 3905 851 3971; x_wconf 81' lang='lat' dir='ltr'>Graecorum</span> <span class='ocrx_word' id='word_1_256' title='bbox 869 3908 1049 3974; x_wconf 89' lang='lat' dir='ltr'>orationem</span> <span class='ocrx_word' id='word_1_257' title='bbox 1066 3906 1226 3971; x_wconf 90' lang='lat' dir='ltr'>artissime</span> 
     </span>
     <span class='ocr_line' id='line_1_35' title="bbox 158 4011 1226 4100; baseline -0.002 -20"><span class='ocrx_word' id='word_1_258' title='bbox 158 4038 192 4080; x_wconf 92' lang='lat' dir='ltr'>se</span> <span class='ocrx_word' id='word_1_259' title='bbox 217 4015 413 4100; x_wconf 86' lang='lat' dir='ltr'>applicandi,</span> <span class='ocrx_word' id='word_1_260' title='bbox 438 4024 507 4080; x_wconf 90' lang='lat' dir='ltr'>tum</span> <span class='ocrx_word' id='word_1_261' title='bbox 535 4016 568 4079; x_wconf 93' lang='lat' dir='ltr'>in</span> <span class='ocrx_word' id='word_1_262' title='bbox 601 4037 717 4099; x_wconf 90' lang='lat' dir='ltr'>purum</span> <span class='ocrx_word' id='word_1_263' title='bbox 742 4034 922 4079; x_wconf 90' lang='lat' dir='ltr'>sermonem</span> <span class='ocrx_word' id='word_1_264' title='bbox 954 4011 1114 4077; x_wconf 90' lang='lat' dir='ltr'>urbanum</span> <span class='ocrx_word' id='word_1_265' title='bbox 1147 4013 1226 4079; x_wconf 92' lang='lat' dir='ltr'>reci·</span> 
     </span>
     <span class='ocr_line' id='line_1_36' title="bbox 156 4118 1225 4207; baseline 0 -21"><span class='ocrx_word' id='word_1_266' title='bbox 156 4122 266 4207; x_wconf 91' lang='lat' dir='ltr'>piendi</span> <span class='ocrx_word' id='word_1_267' title='bbox 283 4145 329 4190; x_wconf 80' lang='lat' dir='ltr'>ea.</span> <span class='ocrx_word' id='word_1_268' title='bbox 349 4144 432 4204; x_wconf 91' lang='lat' dir='ltr'>quae</span> <span class='ocrx_word' id='word_1_269' title='bbox 448 4122 684 4206; x_wconf 90' lang='lat' dir='ltr'>provinciarum</span> <span class='ocrx_word' id='word_1_270' title='bbox 707 4128 808 4185; x_wconf 91' lang='lat' dir='ltr'>crant.</span> <span class='ocrx_word' id='word_1_271' title='bbox 843 4120 907 4185; x_wconf 90' lang='lat' dir='ltr'>Illa</span> <span class='ocrx_word' id='word_1_272' title='bbox 927 4127 1035 4185; x_wconf 90' lang='lat' dir='ltr'>aetate</span> <span class='ocrx_word' id='word_1_273' title='bbox 1056 4118 1225 4186; x_wconf 61' lang='lat' dir='ltr'>T.&#39;Livius</span> 
     </span>
     <span class='ocr_line' id='line_1_37' title="bbox 156 4226 1223 4313; baseline -0.002 -19"><span class='ocrx_word' id='word_1_274' title='bbox 156 4251 264 4296; x_wconf 90' lang='lat' dir='ltr'>rerum</span> <span class='ocrx_word' id='word_1_275' title='bbox 280 4230 418 4313; x_wconf 90' lang='lat' dir='ltr'>scriptor</span> <span class='ocrx_word' id='word_1_276' title='bbox 434 4229 566 4295; x_wconf 87' lang='lat' dir='ltr'>exstitit.</span> <span class='ocrx_word' id='word_1_277' title='bbox 614 4226 677 4312; x_wconf 77' lang='lat' dir='ltr'>Qui</span> <span class='ocrx_word' id='word_1_278' title='bbox 694 4249 795 4294; x_wconf 90' lang='lat' dir='ltr'>novae</span> <span class='ocrx_word' id='word_1_279' title='bbox 811 4228 875 4292; x_wconf 88' lang='lat' dir='ltr'>arti</span> <span class='ocrx_word' id='word_1_280' title='bbox 892 4226 1073 4312; x_wconf 90' lang='lat' dir='ltr'>ecquidem</span> <span class='ocrx_word' id='word_1_281' title='bbox 1090 4227 1223 4310; x_wconf 85' lang='lat' dir='ltr'>obstitit,</span> 
     </span>
    </p>
   </div>
   <div class='ocr_carea' id='block_1_3' title="bbox 0 0 1422 4846">
    <p class='ocr_par' dir='ltr' id='par_1_4' title="bbox 0 0 1422 4846">
     <span class='ocr_line' id='line_1_38' title="bbox 0 0 1422 4846; baseline 0 1"><span class='ocrx_word' id='word_1_282' title='bbox 0 0 1422 4846; x_wconf 95' lang='lat' dir='ltr'> </span> 
     </span>
    </p>
   </div>
  </div>
 </body>
</html>
