2836 4846
619 456 821 515 ..9-

187 650 331 717 novitate
355 649 586 714 sententiarum
609 655 643 714 et
664 649 775 731 lepore
792 647 939 733 quaesito
964 669 1001 712 ac
1025 646 1123 712 nimio
1147 646 1254 728 legen·

88 824 90 828 .
188 758 269 823 tium
293 759 416 823 animos
440 763 620 839 tangerent.
669 754 767 840 Quod
783 763 820 822 ut
842 755 968 820 facilius
993 760 1253 838 assequerentur,

188 865 284 930 variis
309 864 453 929 artificiis
479 866 658 930 orationem
682 883 839 929 exornare
864 869 1041 946 coeperunt
1065 868 1097 927 et
1120 861 1163 927 ad
1187 882 1255 927 ver-

188 973 303 1038 borum
332 971 534 1037 dulcedinem
571 972 828 1054 suavitatemque
863 976 989 1035 tantam
1017 976 1253 1052 processerunt,

188 1086 226 1144 ut
248 1079 417 1144 materiam
441 1081 474 1145 iu
499 1079 568 1143 dies
591 1079 696 1143 minus
720 1083 871 1142 accurate
896 1077 1051 1160 eligerent
1074 1098 1178 1160 neque
1206 1098 1255 1142 re·

190 1193 339 1251 cusareut
362 1187 595 1270 ineptissimam
623 1192 681 1250 aut
705 1184 746 1249 ab
770 1207 878 1250 rerum
903 1207 964 1250 usu
992 1185 1254 1267 remotissimam,

191 1292 363 1358 dummodo
388 1293 513 1358 formae
530 1291 667 1357 artificia
683 1291 839 1357 adhibere
861 1292 983 1362 liceret.
1014 1293 1111 1358 Hanc
1126 1293 1255 1364 inanem

190 1399 316 1465 dicendi
341 1408 444 1464 artem
469 1400 524 1483 qui
547 1421 698 1482 magnam
721 1406 849 1484 partem
878 1422 917 1465 ex
939 1400 1027 1464 inani
1056 1400 1122 1464 vita
1150 1407 1254 1465 ortam

129 1518 132 1524 '
189 1529 257 1585 esse
282 1507 489 1589 existimabit,
518 1507 648 1572 minime
671 1506 813 1579 falletur,
881 1507 961 1574 Vita
996 1508 1079 1572 euim
1110 1507 1255 1574 civilibus

189 1616 325 1698 negotiis
349 1616 457 1681 soluta
480 1636 740 1698 summarumque
763 1636 871 1679 rerum
888 1635 966 1679 cura
982 1622 1015 1680 et
1030 1614 1134 1697 gloria
1158 1616 1255 1682 desti·

188 1729 261 1788 tuta
284 1744 436 1805 magnam
460 1723 524 1786 arti
549 1723 710 1787 oratoriae
727 1722 905 1806 materiam,
931 1742 1015 1805 quae
1038 1725 1163 1806 maguis
1182 1745 1255 1788 oon·

188 1830 267 1894 siliis
291 1851 330 1893 ao
353 1830 524 1894 virtutibus
561 1829 684 1894 animos
720 1837 873 1911 moveret,
911 1831 1056 1896 subicere
1096 1852 1162 1895 nou
1189 1831 1255 1896 iam
1325 1858 1327 1862 ·

187 1942 334 2022 poterat;
368 1938 480 2020 itaque
503 1938 536 2001 in
559 1938 632 2020 ipsa
656 1936 784 2001 dicendi
814 1947 883 2002 arte
912 1937 1103 2003 colebantur
1131 1945 1164 2004 et
1187 1938 1256 2004 dili-

188 2045 347 2128 gebantur
381 2045 491 2109 inania
525 2044 593 2110 fere
629 2066 666 2109 ac
701 2065 784 2109 vana
811 2047 929 2116 onmia.
984 2049 1025 2111 ldt
1050 2053 1086 2110 ut
1110 2047 1255 2131 exemplo

188 2159 273 2231 utar,
300 2174 373 2217 cum
397 2152 571 2236 scriptores
600 2159 670 2216 tum
693 2160 820 2236 poetae,
860 2159 897 2217 ut
932 2154 981 2216 sui
1008 2152 1255 2218 admirationem

189 2261 375 2341 excitarent,
412 2266 539 2324 mutata
573 2258 679 2324 forma
704 2261 861 2325 orationis
898 2258 1034 2324 eandem
1063 2262 1256 2326 seutentiam
1305 2278 1308 2283 ’

188 2366 335 2452 repetere
351 2367 508 2448 solebant,
533 2390 606 2432 oum
621 2367 769 2433 brevibus
795 2367 902 2432 dicere
918 2369 1018 2432 satius
1035 2375 1134 2449 esset3
1158 2368 1208 2433 vel
1223 2370 1257 2433 iu

189 2475 359 2540 verborum
381 2473 505 2539 lusibus
528 2474 748 2541 immoderatis
784 2483 884 2559 atque
906 2477 1025 2561 ineptis
1054 2482 1158 2541 totam
1187 2498 1256 2541 sen-

188 2583 310 2647 tentiae
334 2584 397 2647 vim
420 2583 595 2668 ponebant,
631 2584 679 2648 ita
701 2591 738 2648 ut
762 2605 858 2667 saepe
886 2585 980 2648 unius
1006 2583 1148 2666 syllabae
1172 2584 1257 2648 litte·

189 2711 284 2756 raeve
309 2690 576 2772 discriminatos
603 2691 776 2774 dequibus
793 2699 954 2774 ageretur,
983 2693 1129 2759 diversae
1153 2691 1257 2757 effice-

189 2805 316 2880 rentur;
352 2788 402 2864 v'el
426 2801 459 2863 iu
483 2800 562 2864 alias
586 2799 706 2881 figuras
730 2800 861 2865 inutiles
891 2802 1111 2884 molestasque
1135 2799 1257 2864 defere-

189 2906 314 2976 bantur.
374 2907 487 2989 Atque
523 2907 708 2990 eloquentia
733 2908 886 2991 quouiam
920 2909 954 2972 iu
978 2929 1102 2972 summa
1131 2928 1258 2990 semper

187 3015 284 3080 laude
307 3015 423 3097 fuerat,
461 3021 538 3079 tunc
560 3016 713 3099 temporis
748 3014 895 3080 homiues
919 3015 1035 3080 litteris
1068 3013 1186 3079 eruditi
1214 3013 1257 3078 ad

115 3137 117 3141 ’
189 3123 459 3188 declamationum
483 3121 593 3188 studia
616 3128 702 3188 totos
727 3144 761 3186 se
784 3105 995 3189 conferebant
1019 3123 1139 3205 eisque,
1172 3143 1257 3204 quae

188 3230 250 3295 fori
276 3232 456 3296 actionibus
480 3232 585 3315 primo
609 3232 862 3312 continerentur,
899 3253 974 3295 mox
1004 3232 1112 3296 omnia
1135 3231 1256 3296 littera-

188 3359 259 3401 rum
283 3359 411 3420 genera,
436 3338 615 3419 historiam,
641 3337 890 3422 philosophiam,
919 3341 1023 3421 ipsam
1052 3341 1165 3421 poesin
1189 3361 1258 3405 cor·

187 3443 389 3526 rumpebant.
435 3444 551 3527 Neque
582 3446 746 3508 tamenin
779 3446 869 3528 peius
902 3445 984 3510 adeo
1007 3452 1168 3510 mutatum
1201 3453 1259 3511 aut

188 3552 306 3616 inertia
330 3551 480 3632 obrutum
506 3552 668 3616 saeculum
693 3557 773 3632 erat,
798 3558 835 3617 ut
858 3552 1016 3633 deessent,
1042 3554 1098 3637 qui
1121 3575 1257 3637 pravam

186 3659 276 3724 illam
312 3666 410 3742 atque
434 3657 596 3741 detortam
632 3660 897 3725 consuetudinem
938 3663 1046 3746 perosi
1081 3661 1115 3724 iu
1144 3661 1257 3725 melius

186 3754 359 3832 restituere
384 3764 510 3830 dicendi
526 3772 629 3831 artem
654 3774 686 3831 et
709 3773 864 3851 cuperent
888 3775 921 3833 et
934 3767 1150 3840 intenderent,
1184 3766 1258 3852 Qua

187 3877 221 3940 in
244 3897 279 3941 re
304 3875 359 3958 qui
383 3895 466 3940 novo
502 3874 631 3939 dicendi
655 3896 770 3957 genere
794 3877 904 3958 gavisi,
936 3877 1061 3958 maguis
1091 3882 1123 3941 et
1146 3897 1257 3940 narra·

187 3983 275 4047 tione
309 3982 413 4066 dignis
446 3982 542 4048 rebus
578 4004 736 4049 exornare
760 3983 910 4048 volebant
943 3983 1137 4067 orationem,
1170 3984 1259 4048 velut

192 4089 340 4155 [rucanas
387 4098 418 4156 et
458 4089 498 4162 L.
528 4089 666 4174 Seneca,
718 4089 806 4154 haud
852 4089 988 4155 multum
1035 4090 1256 4174 profecerunt3

188 4215 263 4259 nam
285 4197 441 4280 impetum
476 4197 648 4263 verborum
684 4203 717 4262 et
745 4197 900 4262 orationis
926 4199 1079 4264 virtutem
1109 4197 1255 4264 consulto

189 4303 368 4385 quaesitam
393 4326 464 4369 cum
488 4326 551 4369 nou
577 4311 757 4389 aequarent
780 4326 846 4386 rea,
880 4304 943 4370 illis
968 4305 1067 4370 animi
1090 4304 1256 4370 homiuum

187 4411 267 4498 erigi
303 4432 368 4476 uon
402 4418 562 4500 poteraut.
622 4413 692 4480 Alii
720 4412 899 4482 vanitatem
933 4418 1134 4498 aversantes,
1169 4411 1258 4482 velut
