2836 4846
594 423 816 487 ...11-

172 620 374 706 potissimum
409 608 429 684 e¹
460 618 615 702 Vergilio.
634 617 659 704 1)
728 617 879 683 Priorum
921 622 1029 681 autem
1063 621 1239 700 praecepta
1310 620 1313 625 ’
1372 626 1383 681 ,“

117 781 118 784 1
174 740 306 794 eatenus
332 727 458 793 videtur
474 732 616 793 sectatus
634 747 713 809 esse,
738 730 775 790 ut
791 714 914 791 eertum
931 719 1092 807 quendam
1107 721 1240 787 modum
1349 793 1351 800 ,

173 857 340 918 nunquam
365 835 541 901 excederet.
593 833 725 898 Etenim
750 834 809 898 etsi
832 832 993 897 veteribus
1023 838 1055 896 et
1078 831 1162 896 inter
1185 851 1239 896 eos

173 941 329 1009 Sallustio
364 943 527 1024 permulta
563 941 675 1006 debuit
698 940 858 1023 huiusque
880 939 1098 1004 immortalem
1127 938 1240 1003 veloci-

173 1057 275 1116 tatem
299 1057 331 1114 et
354 1049 545 1114 brevitatem
579 1050 709 1132 assequi
732 1068 928 1130 magnopere
960 1045 1094 1128 studuit,
1130 1052 1240 1112 tamen

177 1179 215 1222 ea
237 1157 309 1241 ipsa
343 1158 377 1221 111
412 1178 446 1221 10
471 1178 628 1222 summam
663 1155 920 1222 moderationem
955 1152 1104 1218 adhibuit
1137 1173 1240 1235 eaque

177 1266 245 1332 sola
269 1265 375 1348 elegit,
401 1286 486 1347 quae
508 1265 541 1327 111
559 1266 607 1328 0111
630 1265 696 1330 stili
718 1263 806 1346 leges
827 1263 1043 1331 convenirent.
1089 1260 1241 1342 Namque

176 1374 338 1440 constanti
361 1394 475 1437 norma
499 1372 659 1454 certisque
682 1371 805 1454 legibus
823 1391 899 1436 cave
923 1368 1036 1433 credas
1062 1368 1241 1433 orationem

176 1481 242 1544 eius
266 1480 420 1565 indigere,
452 1499 536 1563 quae
560 1486 628 1544 tum
653 1501 785 1545 numero
811 1476 953 1561 quodam
976 1476 1161 1559 praecipuo,
1187 1475 1242 1539 ab·

174 1586 329 1652 horrente
355 1587 485 1670 quidem
509 1587 565 1652 illo
591 1608 610 1651 0
630 1585 853 1667 Ciceroniano,
878 1592 948 1650 tum
972 1605 1098 1648 summa
1120 1583 1242 1668 perspi-

176 1695 296 1759 cuitate
319 1695 353 1757 in
378 1700 456 1777 apta
473 1701 506 1759 et
521 1693 696 1759 verborum
713 1698 745 1757 et
761 1692 996 1756 sententiarum
1012 1691 1242 1775 compositione

176 1799 336 1872 excellat„
371 1844 375 1851 -
1064 1800 1067 1805 ’

265 1907 331 1973 Sed
354 1908 435 1972 haee
470 1908 626 1974 haetenus
656 1907 697 1972 de
730 1907 945 1990 temporibus3
981 1927 1066 1970 nuno
1100 1905 1242 1988 inquira-

176 2038 256 2098 mus,
284 2036 367 2098 quae
390 2021 540 2100 tempora
574 2024 605 2080 et
641 2036 692 2080 res
728 2023 839 2097 gestae
869 2036 998 2097 quoque
1032 2013 1164 2079 consilio
1200 2013 1242 2078 ab

176 2130 315 2206 utroque
339 2122 573 2195 describantur,

266 2232 312 2295 Et
335 2232 475 2315 primum
500 2229 630 2312 quidem
646 2229 757 2294 Livius
779 2251 903 2294 summo
920 2229 1028 2294 studio
1053 2235 1241 2313 persecutus

176 2339 313 2402 civitatis
352 2339 456 2402 varios
488 2359 581 2403 casus
614 2337 839 2419 historicisque
870 2336 1094 2402 Romanorum
1126 2337 1241 2402 litteris

174 2445 304 2528 penitus
328 2445 480 2525 imbutus,
518 2443 664 2528 profecto
688 2445 855 2526 intellexit,
893 2465 990 2526 quam
1018 2465 1083 2508 non
1110 2464 1241 2508 consen-

174 2553 274 2617 tirent
304 2572 387 2634 quae
410 2553 533 2634 priores
559 2554 755 2636 scripserant
778 2575 851 2617 oum
878 2552 1100 2637 magnitudine
1124 2551 1241 2634 gloria·

91 2662 95 2669 '
177 2682 239 2742 que
264 2681 372 2725 rerum
396 2659 628 2725 Romanarum.
675 2660 804 2744 Itaque,
828 2669 863 2726 ut
889 2662 958 2744 ipse
980 2660 1080 2743 praef.
1106 2660 1161 2743 §3
1188 2657 1241 2721 de·

174 2773 289 2831 notare
313 2765 450 2846 videtur,
486 2787 569 2847 quae
593 2766 732 2830 maiores
757 2767 923 2849 praeclare
951 2775 1049 2850 atque
1073 2765 1242 2847 magnifice

103 2865 105 2873 ’
174 2873 358 2955 gessissent,
396 2874 520 2936 sincera
555 2894 626 2937 cum
650 2872 714 2937 fide
750 2880 782 2938 et
810 2896 883 2937 cum
918 2873 1069 2956 dilucida,
1106 2873 1242 2958 pulchra

175 2980 339 3062 dignaque
374 2980 522 3044 oratione
546 2981 720 3044 memoriae
743 2981 883 3062 prodere
907 2982 1083 3062 constituit,
1115 3003 1152 3047 eo
1176 3002 1242 3046 ma·

173 3088 258 3151 xime
283 3087 426 3169 consilio,
452 3093 489 3152 ut
512 3089 673 3171 corruptis
699 3095 731 3152 et
754 3087 939 3171 depravatis
957 3089 1146 3171 aequalibus
1170 3110 1241 3171 per-

175 3194 327 3258 suaderet
350 3195 469 3259 virtute
494 3216 533 3259 00
557 3194 757 3276 fortitudine,
793 3196 917 3260 iustitia
952 3218 991 3261 ac
1025 3198 1147 3281 pietate
1175 3197 1241 3262 Ro-

174 3322 286 3364 manos
311 3303 454 3366 omnium
478 3304 623 3383 gentium
652 3304 786 3387 imperio
814 3304 936 3386 potitos
966 3325 1046 3374 esse,
1110 3301 1184 3385 Qua
1206 3325 1241 3368 re

175 3408 324 3491 exempla
362 3407 546 3473 hominibus
585 3430 768 3495 proponere
807 3411 922 3491 voluit,
969 3410 1083 3492 quibus
1122 3409 1241 3494 perditi

175 3535 285 3579 eorum
309 3535 415 3579 mores
440 3516 697 3588 emendarentur,
743 3515 832 3581 Nam
856 3516 897 3581 de
920 3519 1075 3599 religione
1098 3517 1240 3583 nondum

175 3621 412 3705 desperaverat,
430 3624 527 3688 immo
546 3624 624 3689 deos
647 3622 761 3688 adesse
778 3645 851 3687 cum
868 3626 990 3690 civitati
1011 3632 1078 3690 tum
1096 3626 1239 3710 privatis,

174 3730 328 3795 adiuvare
364 3730 511 3794 omnibus
547 3731 643 3796 rebus
678 3731 780 3796 bonos
816 3738 848 3796 et
883 3734 1049 3815 religiosos
1085 3734 1240 3816 homines,

173 3836 383 3920 pessumdare
414 3837 516 3902 malos
541 3844 573 3903 et
608 3838 749 3904 nefarios
785 3840 952 3905 etiamtum
976 3840 1172 3928 confidebat;
1207 3840 1240 3904 id

174 4018 386 4028 —...-.-....—.

245 4122 265 4191 ¹)
296 4124 329 4178 cf.
363 4142 433 4193 quae
465 4123 662 4179 Boetticherus
694 4124 734 4196 (in
769 4126 824 4182 lex,
854 4125 941 4193 Tac),
982 4125 1132 4195 Grysarius
1170 4126 1241 4195 (An-

175 4211 336 4280 deutungeu
356 4216 426 4268 iiber
445 4215 490 4267 die
511 4213 818 4284 Eigenti'imlichkeiteu
848 4216 877 4268 in
902 4216 952 4268 der
970 4215 1155 4285 Darstellung
1183 4217 1241 4271 und

173 4298 312 4354 Latinitat
341 4303 388 4356 des
418 4303 470 4372 Ta,
507 4304 659 4358 Goebelius
689 4304 734 4374 (de
763 4306 874 4373 poetico
903 4304 1012 4359 Tacitei
1040 4307 1097 4359 stili
1126 4306 1239 4376 colore),

173 4387 335 4460 Draegerus
355 4390 476 4461 (Syntax
496 4395 554 4447 und
573 4393 626 4448 Stil
647 4395 695 4448 des
714 4393 758 4461 Τ.)
777 4395 811 4448 de
830 4395 933 4449 haere
952 4395 1139 4451 tradiderunt.
