2836 4846
113 4226 129 4255 s
189 4222 192 4227 .

611 300 833 361 -1ss..

188 501 296 559 tamen
321 516 484 579 nunquam
508 493 576 559 fere
600 494 692 578 celat,
718 494 796 578 qnid
812 495 882 579 ipse
899 495 1032 576 sentiat3
1057 493 1120 559 hoc
1144 501 1252 559 autem

189 609 301 686 aperte
330 624 494 685 nunquam
529 601 619 684 dixit,
657 602 712 666 sed
747 602 869 667 levibus
905 603 1008 668 verbis
1045 602 1163 668 additis
1200 603 1251 666 vel

188 710 277 774 tenui
300 710 408 775 colore
431 708 562 775 inducto
587 708 768 792 legentibus
795 709 967 774 inculcavit
994 730 1099 793 neque
1127 712 1253 792 acquie-

188 817 234 881 vit
256 817 289 880 in
324 824 412 882 recto
441 816 496 881 illo
525 823 680 898 veterum,
717 816 774 881 sed
810 818 947 901 obliquis
984 838 1067 899 quae
1101 816 1250 882 dicuntur

188 924 355 990 sententiis
378 925 471 988 unice
496 923 674 989 delectatus
701 932 757 988 est.

278 1030 364 1096 Satis
381 1031 502 1095 dictum
519 1036 568 1095 est
585 1029 625 1094 de
638 1028 767 1116 Tacito,
784 1050 868 1095 nune
885 1028 926 1094 ad
939 1029 1065 1093 Livium
1078 1037 1252 1103 vertamur,

188 1136 252 1220 Qui
276 1145 345 1202 erat
369 1139 466 1202 animi
488 1137 628 1219 ingenui,
657 1137 784 1221 poetico
809 1136 952 1220 quodam
981 1157 1077 1201 sensu
1099 1138 1253 1221 imbutus,

188 1247 302 1310 mentis
327 1267 451 1310 summa
473 1246 505 1309 vi
526 1245 703 1308 instructus
727 1244 768 1307 ad
798 1265 849 1307 res
878 1244 1070 1328 praeteritas
1102 1255 1253 1311 accurate

187 1352 409 1437 percipiendas
427 1351 640 1432 distincteque
657 1350 900 1437 exprimendam
925 1351 1003 1433 quid
1019 1352 1151 1418 liberale
1168 1364 1253 1420 esset

147 1517 149 1522 .
188 1466 220 1526 et
243 1462 410 1542 sincerum,
439 1458 517 1541 quid
541 1457 695 1523 decorum
723 1465 756 1522 et
784 1459 924 1539 elegans,
950 1466 1168 1542 perspexerat,
1195 1461 1252 1525 ad·

187 1568 354 1633 miratione
388 1567 512 1632 virtutis
548 1586 586 1630 ac
618 1565 749 1647 pietatis
777 1565 935 1630 maiorum
968 1588 1094 1632 summa
1128 1590 1254 1653 semper

187 1676 366 1741 tenebatur.
413 1675 517 1740 Laeto
533 1674 632 1756 igitur
657 1679 690 1737 et
706 1673 807 1738 alacri
832 1675 938 1737 animo
956 1672 1149 1740 tradendam
1174 1679 1254 1760 pris-

187 1805 298 1848 corum
321 1797 503 1866 temporum
530 1781 719 1845 memoriam
752 1782 902 1864 suscepit,
935 1781 1089 1863 singulari
1122 1782 1253 1849 adiutus

187 1890 342 1971 acumine,
357 1910 420 1971 quc
434 1895 584 1953 naturam
599 1888 715 1951 mentis
729 1886 892 1952 humanae
909 1888 1029 1972 optime
1045 1890 1254 1972 intellegebat

188 2004 220 2061 et
234 1996 449 2076 scrutabatur,
468 2015 551 2077 quae
567 1994 713 2060 homines
731 1996 934 2078 cogitassent,
953 2019 1036 2080 quae
1053 2000 1250 2082 metuissent,

188 2125 271 2187 quae
295 2104 479 2168 voluissent.
528 2101 652 2167 Tamen
680 2104 713 2167 in
738 2103 855 2168 abditis
883 2104 945 2168 illis
969 2107 1115 2170 sensibus
1140 2106 1253 2171 diiudi-

188 2210 299 2276 candis
323 2211 404 2274 mira
428 2210 579 2276 utebatur
601 2210 734 2275 lenitate
763 2218 795 2275 et
818 2210 1030 2296 humanitate,
1061 2234 1145 2295 quae
1173 2216 1254 2278 recti

187 2319 378 2401 honestique
412 2339 522 2383 amore
553 2339 718 2401 nunquam
758 2319 977 2384 deserebatur.
1034 2318 1253 2402 Quamobrem

185 2425 255 2490 fieri
277 2447 342 2491 non
365 2426 481 2509 potuit,
507 2425 585 2507 quin
609 2423 730 2507 Livius,
756 2427 946 2508 praesertim
972 2428 1027 2510 qui
1050 2427 1190 2492 iucunde
1215 2450 1253 2492 ac

187 2540 319 2596 venuste
342 2532 511 2597 scribendo
536 2531 680 2598 detinere
709 2534 805 2598 vellet
836 2535 1014 2617 legentium
1047 2537 1183 2616 animos,
1219 2536 1253 2599 in

188 2639 364 2704 excolenda
395 2639 523 2704 dicendi
551 2640 656 2705 forma
695 2663 852 2706 summam
884 2649 1018 2724 poneret
1049 2641 1252 2708 industriam.

187 2745 277 2812 Raro
301 2746 385 2812 enim
409 2747 594 2831 simpliciter
621 2755 653 2813 et
676 2749 761 2814 nude
789 2771 840 2814 res
865 2758 970 2831 gestas
995 2752 1042 2814 ita
1065 2758 1187 2831 narrat,
1217 2758 1253 2815 ut

185 2855 413 2938 intellegantur
429 2863 564 2936 tantum,
588 2856 778 2939 plerumque
801 2858 847 2920 ita
864 2865 1007 2941 exornat,
1033 2865 1068 2920 nt
1090 2858 1250 2939 placeant.

186 2962 303 3046 Neque
326 2964 430 3028 solum
452 2963 665 3048 perspicuitas
699 2972 731 3029 et
755 2966 933 3029 sublimitas
967 2965 1122 3029 orationis
1156 2967 1189 3028 in
1214 2986 1251 3030 eo

186 3069 351 3137 laudanda
367 3078 425 3152 est,
442 3072 525 3134 mira
540 3070 724 3135 iucunditas
742 3071 1002 3153 clarissimusque
1020 3070 1152 3153 candor,
1171 3093 1253 3153 quae

187 3177 306 3242 diserte
330 3176 476 3259 agnoscit
493 3174 711 3259 Quintilianus
722 3177 757 3262 1),
784 3177 841 3242 sed
865 3178 963 3242 etiam
987 3179 1124 3242 maxime
1147 3179 1253 3243 lactea

186 3285 243 3349 illa
276 3283 418 3366 ubertas,
454 3305 551 3368 quam
586 3286 748 3350 velocitati
784 3292 816 3349 et
852 3284 999 3348 brevitati
1033 3283 1252 3350 Sallustianae

188 3389 403 3473 Quintilianus
432 3391 612 3477 opponit2)
660 3390 752 3474 Quae
781 3392 974 3478 perspicitur
1002 3413 1073 3457 cum
1100 3394 1133 3456 in
1158 3395 1252 3478 copia

186 3498 356 3563 verborum
381 3505 412 3562 et
436 3499 667 3564 sententiarum
692 3507 725 3564 et
747 3501 779 3563 in
797 3499 1011 3582 grammaticis
1027 3501 1183 3563 iuncturis
1206 3508 1252 3564 at-

188 3627 249 3688 que
272 3606 305 3669 in
329 3605 440 3688 figuris
465 3607 629 3688 orationis,
661 3607 747 3672 velut
771 3607 804 3671 iu
827 3607 1024 3692 pleonasmo,
1058 3609 1250 3691 synonymia,

186 3712 409 3799 polysyndetO,
436 3713 612 3798 anaphora,
638 3723 706 3779 tum
728 3714 761 3778 in
786 3714 927 3779 dilucida
942 3715 1108 3780 hominum
1131 3738 1251 3780 rerum-

187 3843 249 3904 que
273 3821 499 3904 descriptione,
545 3823 670 3907 Neque,
705 3845 743 3888 cx
768 3843 832 3905 qua
857 3831 929 3886 orta
961 3831 1010 3887 est
1044 3845 1082 3888 ea
1110 3823 1249 3905 ubertas,

187 3929 385 3993 admirabilis
417 3929 537 4012 ingenii
568 3937 623 3994 aut
650 3931 806 3995 orationis
839 3929 885 3994 ris
919 3950 1062 4011 unquam
1093 3930 1127 3992 in
1159 3937 1249 3995 tanto

276 4176 298 4244 1)
318 4178 382 4232 inst.
403 4183 472 4233 orat.
491 4175 527 4248 X,
547 4180 572 4248 1,
594 4181 652 4233 101.

277 4263 299 4337 2)
319 4267 385 4324 inst.
404 4273 473 4322 orat.
493 4267 529 4338 X,
551 4270 573 4338 l,
593 4270 640 4343 323
660 4268 695 4324 cf.
714 4269 751 4323 ib.
771 4268 824 4339 IV,
843 4271 868 4343 2,
887 4270 930 4327 45.
