2836 4846
598 507 644 519 -
689 472 742 534 25λ
778 484 835 521 -“

176 691 269 754 quem
293 670 400 733 locum
425 689 482 733 cur
504 665 791 733 Weissenbornius
808 667 831 753 ¹)
856 665 989 731 adnotet
1006 666 1138 746 dubium
1163 687 1241 749 esse,
1272 752 1273 756 Ἰ

174 785 281 842 utrum
306 799 326 840 a
350 775 445 843 Livio
478 776 548 861 ipso
574 797 615 841 an
639 798 659 839 a
681 776 821 840 librariis
853 779 958 856 ,esset‘
993 775 1098 839 forma
1126 773 1244 839 omissa

176 886 227 965 sit,
253 884 403 968 equidem
427 884 554 966 ignoro,
590 904 665 947 nam
688 883 716 948 is
740 883 838 964 locuS,
869 904 965 965 quem
994 882 1132 947 conferri
1155 883 1243 946 iubet

174 994 225 1057 uir
249 992 465 1072 doctissimus,
501 993 598 1076 plane
622 991 718 1055 aliter
742 997 946 1074 comparatus
970 996 1028 1071 est,
1057 988 1130 1053 ideo
1157 988 1243 1071 quod

175 1099 220 1163 ibi
251 1098 412 1183 scriptura
447 1097 618 1163 manifesto
654 1119 807 1182 perversa
836 1097 1013 1167 exhibetur,
1074 1101 1125 1178 30,
1148 1099 1241 1178 35,9

178 1213 267 1287 ,tum,
292 1205 347 1270 ubi
371 1205 472 1270 omnis
498 1226 571 1288 spes
597 1204 652 1290 (sc.
678 1205 787 1292 esset),
820 1204 936 1267 milites
961 1202 1243 1285 Carthaginienses

178 1313 352 1395 Afrosqne‘
378 1314 615 1378 coniunctivum
633 1317 748 1395 ,esset‘,
775 1333 870 1395 quem
895 1311 956 1375 nisi
972 1312 1167 1375 recentiores
1193 1330 1243 1373 co·

177 1421 262 1485 dices
286 1441 350 1485 non
374 1421 541 1502 praebent,
577 1419 762 1502 Madvigius
792 1419 957 1483 contextui
980 1417 1129 1496 inseruit;
1157 1415 1243 1479 idem

176 1526 462 1592 Weissenbornius
486 1527 571 1599 fecit,
587 1527 613 1611 2)
675 1525 740 1592 Sed
767 1525 854 1609 quod
882 1525 1067 1607 Madvigius
1095 1527 1128 1588 in
1151 1546 1243 1607 prae

174 1634 296 1698 fatione
318 1658 350 1718 p.
376 1635 484 1702 XXV
508 1642 643 1699 excusat
668 1636 783 1716 ,omitti
807 1634 939 1697 verbum
963 1632 1141 1715 imperfecti
1165 1638 1243 1696 tem·

173 1741 260 1824 poris
298 1748 330 1804 et
359 1741 552 1805 coniunctivi
583 1741 672 1805 modi
707 1763 771 1806 non
807 1742 977 1824 potuisse‘,
1015 1761 1053 1804 ea
1087 1740 1243 1805 librorum

119 1884 120 1888 =
175 1848 355 1929 scripturae
378 1848 554 1912 mutandae
588 1850 673 1912 ratio
703 1869 807 1930 neque
830 1847 1007 1931 probabilis
1043 1854 1102 1929 est,
1139 1867 1244 1929 neque

176 1975 258 2036 quae
283 1953 363 2019 dicit
397 1955 445 2017 vir
481 1956 687 2038 clarissimus,
724 1956 803 2020 sat-is
835 1967 910 2018 vert
940 1962 1024 2036 sunt,
1061 1962 1097 2019 ut
1125 1976 1163 2018 ex
1187 1955 1242 2034 eis,

175 2082 257 2142 quae
296 2060 394 2125 modo
434 2063 577 2147 exposui,
618 2061 739 2126 affatim
780 2062 905 2126 elucere
944 2063 1091 2131 arbitror,
1150 2060 1244 2125 Idem

175 2167 440 2233 Weissenbornio
477 2169 595 2251 obstat,
633 2171 688 2251 qui
725 2175 835 2233 censet
869 2168 1006 2233 sormam
1040 2173 1147 2250 ,esset‘
1182 2170 1244 2233 hoc

174 2272 245 2339 loco
270 2275 332 2338 nisi
356 2297 427 2338 cum
453 2274 572 2339 duritia
597 2275 737 2359 quadam
763 2275 875 2340 deesse
900 2296 963 2339 nnn
988 2297 1093 2358 posse,
1140 2276 1243 2340 Plane

175 2390 283 2446 autem
317 2390 430 2448 contra
465 2383 613 2448 codicum
643 2384 869 2448 auctoritatem
895 2383 1176 2448 Weissenbornius
1213 2391 1245 2449 et

175 2488 372 2572 Madvigius,
389 2493 587 2573 argumentis
601 2512 716 2574 parum
732 2491 917 2574 potentibus
930 2493 1079 2575 permoti,
1097 2493 1243 2556 coniunc-

175 2597 274 2659 tivnm
300 2596 425 2661 addunt
448 2601 502 2678 42,
521 2599 587 2679 5‚3
614 2605 669 2679 ,ut,
701 2618 784 2679 quac
808 2598 867 2662 sub
897 2598 1020 2666 dicione
1045 2600 1112 2663 eius
1137 2599 1242 2675 urbes,

176 2702 295 2766 nullius
319 2702 440 2767 liberae
465 2705 602 2769 civitatis
619 2704 783 2770 fortunam
807 2727 913 2771 secum
931 2713 1087 2770 mutatam
1104 2708 1242 2779 vellent}

266 2807 423 2873 Omnibus
447 2810 497 2874 his
521 2812 599 2877 locis
624 2811 657 2875 id
674 2805 848 2878 tenendum
872 2819 929 2894 est,
955 2815 1007 2895 agi
1032 2813 1071 2878 de
1096 2815 1243 2878 coniunc-

176 2917 240 2982 tivo
256 2916 352 2980 modo
370 2918 523 3001 temporis
541 2921 717 3002 praeteriti,
735 2922 924 3003 plerumque
939 2921 1128 3005 imperfecti,
1146 2922 1244 2986 semel

175 3024 499 3109 plusquamperfecti3
525 3047 620 3108 quem
641 3027 811 3091 terminum
836 3027 924 3092 verbi
947 3029 1145 3111 temporibus
1171 3050 1243 3092 con-

176 3132 323 3195 stitutum
357 3132 467 3197 Livius
501 3134 645 3215 excessit,
681 3156 753 3198 cum
791 3136 1026 3199 coniunctirnm
1068 3137 1243 3220 praesentis

178 3238 342 3302 omitteret
368 3245 396 3320 7,
421 3243 474 3320 40,
501 3245 519 3304 9
550 3242 641 3322 ,haec
664 3242 838 3325 imperiosa
861 3241 1022 3306 dictatura
1045 3250 1182 3325 geretur,
1210 3250 1244 3308 nt

175 3368 279 3429 neque
303 3348 335 3410 in
352 3348 411 3411 hos
428 3369 516 3413 meos
534 3356 565 3413 et
586 3350 710 3432 patriae
726 3371 816 3413 meae
832 3351 947 3414 milites
965 3351 1073 3414 mitior
1097 3351 1154 3436 (sc.
1172 3351 1244 3435 sim)

113 3464 115 3469 '
176 3475 273 3536 quam
298 3455 330 3516 in
355 3475 412 3519 vos
435 3493 480 3500 -
496 3456 611 3521 horreo
637 3458 743 3521 dicere
762 3496 800 3504 —
820 3457 942 3528 hostis)v
991 3457 1056 3523 Sed
1080 3458 1131 3522 bic
1155 3459 1243 3522 locus

176 3570 243 3626 tam
267 3562 418 3627 notabilis
443 3570 491 3626 est
516 3571 556 3644 et,
584 3566 637 3651 qui
661 3565 813 3647 loquitur,
839 3566 944 3629 animo
970 3567 1014 3629 sic
1038 3556 1180 3646 inditate,
1209 3572 1244 3628 ut

175 3669 460 3733 Weissenbornius
485 3669 526 3734 nd
551 3671 581 3741 h,
603 3671 623 3734 l.
649 3673 763 3737 merito
788 3673 956 3757 coniciat3)
982 3680 1038 3736 unt
1060 3694 1244 3755 perversam

177 3797 245 3840 esse
276 3776 422 3841 codicum
457 3778 649 3860 scripturam
684 3786 739 3842 aut
768 3800 826 3863 per
856 3780 1092 3844 anacoluthiam
1127 3779 1244 3844 dixisse

176 3884 313 3954 Livium,
354 3884 415 3950 Cui
439 3886 582 3969 opinioni
605 3886 713 3949 malim
730 3887 877 3950 assentiri
902 3908 998 3969 quam
1022 3888 1201 3971 scripturae
1225 3908 1244 3951 a

177 3992 244 4056 rirc
270 3991 455 4057 doctissimo
480 3992 512 4055 in
547 3991 720 4057 editionem
744 3994 899 4057 minorem
933 3994 975 4058 ad
1010 3994 1174 4060 libidinem
1197 4017 1244 4060 re·

248 4185 271 4249 1)
290 4188 319 4238 in
339 4187 462 4241 editione
482 4188 557 4241 illius
577 4189 643 4242 libri
663 4190 763 4256 altera;
785 4191 839 4242 alia
858 4189 927 4240 mihi
947 4194 1058 4256 praesto
1078 4208 1134 4243 non
1154 4191 1216 4245 fuit.

249 4272 270 4344 2)
291 4277 320 4327 in
340 4278 463 4332 editione
483 4279 589 4332 maiore
608 4278 711 4331 iterum
730 4284 841 4347 parata,
862 4280 891 4331 in
910 4280 1019 4332 minore
1033 4281 1243 4337 coniunctivum

179 4365 282 4418 omisit.

250 4452 272 4524 ³)
292 4455 322 4507 in
340 4454 464 4509 editione
484 4456 588 4510 maiore
608 4458 710 4511 iterum
729 4463 834 4525 parata.
