2836 4846
593 446 801 506 ..51-

172 640 300 705 ornatui
324 661 421 722 quam
445 640 582 704 maxime
599 640 765 723 inserviat3
790 639 823 702 id
840 639 936 702 etiam
949 634 1023 702 inde
1040 636 1239 722 perspicitur,

83 730 87 736 ⁴
176 745 264 830 quod
289 745 330 809 ab
355 745 538 810 oratoribus
564 753 595 810 et
620 744 829 829 scriptoribus
847 744 998 810 rhetorici
1010 745 1073 809 stili
1088 743 1240 810 studiosis

174 853 361 937 saepissime
398 852 565 936 anaphora
604 852 749 917 adbibita
785 861 842 936 est,
851 854 873 934 ¹)
908 851 995 915 velut
1024 874 1044 915 a
1077 850 1241 935 Cicerone,

173 958 382 1044 Quintiliano,
408 959 512 1029 Livio.
568 959 697 1025 Deinde
730 966 873 1024 veterum
907 958 1056 1041 opinione
1076 943 1242 1022 ¹orationis

175 1068 367 1150 gravitatem
402 1074 500 1149 atque
536 1067 743 1131 acrimoniam
772 1073 887 1147 auget‚·
919 1072 966 1130 est
991 1066 1076 1130 enim
1101 1065 1242 1130 eiusdem

177 1174 264 1239 verbi
288 1196 360 1238 cum
383 1175 416 1238 11-
438 1173 578 1257 quadam
602 1173 729 1238 iteratio
755 1179 787 1236 et
812 1173 954 1237 crebrior
970 1174 1067 1237 etiam
1084 1173 1242 1257 repetitio,

176 1302 259 1363 quae
283 1281 350 1345 vice
374 1282 510 1345 omissae
532 1280 667 1363 copulae
688 1280 878 1364 plerumque
904 1279 1098 1365 fingerent)
1123 1278 1243 1364 Quam-

175 1388 284 1453 obrem
308 1409 348 1452 ne
372 1386 522 1452 Tacitum
546 1385 685 1471 quidem,
711 1377 845 1450 eximiae
868 1388 1056 1469 scriptorem
1076 1388 1242 1470 gravitatis

175 1502 274 1577 atque
307 1494 469 1579 ponderis,
495 1493 582 1577 quod
607 1493 776 1577 aptissimo
800 1494 927 1558 nomine
951 1492 1001 1577 ,τὸ
1026 1490 1156 1580 oepeo'r‘
1181 1492 1244 1557 dici

175 1603 323 1686 potest,3)
347 1601 405 1666 illa
421 1602 615 1666 abstinuisse
639 1623 705 1666 non
721 1602 917 1682 mirabimur,
945 1601 1088 1683 quamvis
1112 1609 1244 1667 consen-

176 1717 305 1774 taneum
323 1711 364 1773 sit
380 1716 448 1774 tum
472 1709 672 1791 potissimum
689 1730 728 1773 ea
744 1710 933 1791 scriptorem
947 1728 1017 1771 esse
1035 1706 1243 1791 delectatum,

177 1838 248 1881 cum
273 1816 410 1881 oratoris
445 1815 556 1880 similis
585 1815 758 1899 incederet,
782 1822 818 1879 ut
840 1813 1068 1880 Boetticherus
1092 1815 1243 1901 0010014)

176 1921 282 2005 Quam
306 1924 450 2006 regulam
483 1923 620 1987 libenter
652 1923 719 1987 viro
756 1923 851 1986 docto
887 1920 1100 2004 concedimus
1135 1943 1244 2003 quam·

177 2052 274 2113 quam
297 2031 440 2113 paullum
471 2029 556 2094 laedi
590 2029 727 2104 videtur
748 2052 767 2094 a
790 2029 904 2093 Tacito
938 2029 971 2092 in
995 2026 1186 2112 Annalibus,
1210 2027 1244 2092 id

153 2125 265 2220 ‚quod
297 2137 380 2201 infra
411 2137 599 2202 videbimus.
656 2137 721 2202 Sed
754 2137 945 2221 priusquam
975 2136 1008 2199 in
1041 2134 1162 2198 medias
1193 2155 1244 2198 res

177 2266 296 2328 eamus,
321 2265 452 2309 necesse
477 2252 525 2308 est
544 2250 695 2329 statuere,
720 2265 785 2327 qua
801 2245 927 2308 ratione
942 2244 975 2306 in
989 2242 1115 2324 singula
1128 2263 1246 2324 genera

178 2353 296 2434 optime
321 2352 493 2416 diducatur
518 2351 699 2436 anaphora3
724 2373 829 2434 neque
852 2359 960 2434 potest
981 2350 1092 2432 negari
1108 2351 1245 2416 maxime

177 2458 327 2524 idoneam
351 2458 450 2522 uideri
475 2480 546 2523 eam
570 2460 735 2537 rationem,
762 2480 846 2542 quae
870 2457 958 2542 apud
974 2457 1177 2539 Draegerum
1199 2459 1246 2523 in·

178 2569 332 2648 veniatur,
377 2568 567 2648 praesertim
603 2567 710 2651 nobis,
743 2589 807 2631 non
840 2566 935 2630 modo
968 2566 1104 2649 copiam,
1136 2587 1245 2629 verum

178 2676 274 2739 etiam
298 2675 491 2757 gravitatem
514 2673 684 2738 verborum
707 2674 917 2746 intuentibus,
958 2673 1020 2737 llle
1043 2672 1157 2757 enim5)
1181 2673 1246 2737 tria

179 2802 298 2864 genera
322 2780 498 2865 distinguit,
525 2800 662 2863 quorum
685 2782 825 2864 primum
849 2780 906 2844 fiat
929 2781 1085 2846 vocabulo
1106 2781 1243 2864 formali,

178 2887 314 2953 alterum
349 2891 485 2973 nomine,
516 2889 646 2953 tertium
675 2888 772 2952 verbo
796 2889 943 2971 repetito.
991 2886 1113 2970 Liquet
1137 2896 1250 2953 autem·

177 2995 338 3061 levissima
362 3017 434 3059 cum
457 2997 488 3059 vi
510 2996 614 3080 repeti
638 2995 832 3059 vocabulum
856 2995 999 3081 formale,
1028 2997 1149 3060 maiore
1174 3017 1246 3060 cum

178 3104 337 3185 gravitate
361 3124 486 3187 nomen,
512 3123 637 3168 summo
664 3102 806 3186 pondere
833 3103 974 3168 verbum.
1022 3101 1174 3168 Ceterum
1203 3101 1247 3166 ad

178 3212 442 3295 perspicuitatem
475 3211 587 3274 melius
620 3210 746 3274 videtur
782 3233 841 3295 pro
874 3213 1001 3277 nomine
1035 3210 1141 3275 dicere
1174 3209 1246 3274 sub·

178 3318 354 3382 stantivum
378 3317 428 3381 101
452 3316 654 3382 adiectivum.
673 3356 716 3364 —-
733 3317 829 3383 Nunc
852 3319 950 3401 igitur
967 3340 1060 3383 usum
1076 3316 1246 3382 Livianum

177 3425 334 3508 inspicere
357 3445 532 3509 possemus,
569 3425 630 3490 nisi
665 3433 763 3490 antea
793 3425 970 3491 notandum
1005 3432 1089 3490 esset
1112 3424 1246 3489 Kuehn·

178 3533 297 3597 estium
332 3553 460 3615 quoque
496 3533 598 3596 virum
631 3532 840 3597 clarissimum
873 3535 905 3597 in
939 3538 1063 3598 errores
1089 3532 1246 3615 quosdam

177 3640 348 3720 incidisse3
366 3641 592 3724 primumcum
608 3640 807 3723 anaphoram
824 3640 959 3706 eandem
976 3663 1072 3723 quam
1088 3639 1245 3722 Naegels-

250 3873 272 3941 1)
292 3874 327 3928 cf.
347 3871 559 3926 Boetticherum
580 3872 610 3925 in
628 3873 757 3942 prologg.
777 3873 813 3926 ad
832 3871 897 3928 Tac.
916 3890 944 3942 p.
963 3873 1007 3928 91.

253 3960 273 4029 2)
294 3962 327 4018 cf.
347 3962 440 4016 Boett.
460 3962 478 4014 l.
497 3961 516 4014 1.
534 3979 563 4030 p.
582 3960 617 4014 90

249 4050 269 4117 ³)
290 4053 324 4106 of.
344 4051 418 4107 Plin.
437 4069 480 4120 ep.
501 4050 542 4120 Π,
565 4051 606 4104 11.

250 4139 272 4209 4)
293 4141 327 4194 cf.
346 4142 365 4196 l.
385 4142 404 4196 1.
423 4160 450 4211 p.
471 4141 513 4195 91.

248 4228 272 4298 ⁵)
291 4231 326 4284 de
354 4236 426 4299 synt.
456 4235 485 4285 et
513 4236 547 4287 st.
566 4230 631 4285 Tac.
661 4229 677 4298 ᾖ
701 4233 762 4286 240.
803 4231 878 4301 Quid
898 4231 1039 4288 Gerberus
1060 4237 1089 4287 et
1117 4232 1245 4287 Greefius

177 4318 207 4372 in
235 4319 325 4373 lexico
354 4318 467 4374 Taciteo
497 4321 531 4374 de
560 4338 593 4374 ea
621 4320 817 4390 iudicaverint,
846 4322 938 4376 dicere
965 4341 1022 4377 non
1040 4340 1162 4392 possum,
1182 4341 1246 4377 cum

176 4408 250 4462 liber
268 4409 316 4462 ille
334 4413 449 4477 praesto
466 4410 536 4462 mihi
555 4427 612 4463 non
630 4409 725 4464 fuerit.
