2836 4846
582 307 626 314 ...
674 267 716 326 54

155 483 227 526 oum
250 461 316 526 ullo
341 462 540 542 congressos‘
574 460 661 524 etin
685 458 805 524 Piceno
828 458 989 544 lapidibus
1013 457 1162 542 pluvisse‘
1191 464 1223 521 et

155 567 257 634 anre
281 573 383 632 sortes
400 572 599 648 extenuatae,
625 573 657 631 et
672 568 706 630 in
722 564 832 631 Gallia
847 568 958 649 lupum
979 566 1065 647 vigili
1080 565 1222 647 gladium

155 697 193 740 ex
216 668 482 758 vagina'raptum
506 674 700 755 abstulisse‘3
731 674 786 738 ubi
810 695 873 738 non
890 675 985 755 longo
1003 673 1119 738 abhinc
1143 680 1222 738 tem-

153 805 230 867 pore
255 803 364 847 omnes
394 781 551 846 editiones
581 789 656 846 ante
690 780 794 868 verba·
819 780 900 863 ,foro
933 780 1056 847 boario‘
1086 802 1222 866 praepo·

154 891 268 955 sitione
291 891 343 974 ‚in‘
367 889 527 974 carebant,
553 911 636 978 quae
660 888 783 953 duobus
809 888 970 953 codicibus
992 888 1220 953 recentioribus

153 997 224 1060 nisa
247 1017 331 1060 nunc
354 997 387 1060 in
411 1002 534 1060 textum
561 995 663 1060 inlata
687 1003 744 1077 est,
775 996 843 1059 iure
868 995 1007 1079 quidem,
1037 994 1063 1060 si
1088 992 1220 1059 Woelff-

152 1103 252 1168 linum
277 1103 377 1173 audis,
392 1102 414 1188 ¹)
461 1102 547 1167 Nam
571 1103 657 1186 quod
674 1103 956 1168 Weissenbornius
981 1101 1058 1167 dicit
1070 1102 1105 1186 2),
1129 1123 1221 1186 prae·

47 1289 49 1293 Ι
152 1211 343 1294 positionem
376 1232 396 1274 a
426 1209 518 1274 Livio
551 1211 584 1273 in
617 1211 717 1274 altero
750 1210 892 1274 membro
925 1208 1122 1294 plerumque,
1157 1231 1221 1272 non

153 1339 278 1402 semper
302 1319 427 1382 iterari:
464 1316 610 1381 omnibus
633 1318 672 1381 iis
696 1317 783 1401 locis,
810 1338 891 1400 quos
914 1317 1028 1400 inspici
1050 1317 1147 1398 iubet,
1177 1316 1221 1380 al-

152 1432 259 1490 terum
292 1425 372 1489 illud
407 1424 585 1490 membrum
617 1423 696 1487 nihil
728 1424 817 1488 aliud
853 1431 901 1488 est
937 1445 1034 1506 quam
1062 1423 1221 1507 particula

151 1534 245 1598 unius
270 1532 476 1615 eiusdemque
498 1532 663 1612 enuntiati,
680 1553 754 1614 non,
778 1538 814 1594 ut
830 1530 988 1614 hocloco,
1014 1530 1101 1594 aliud
1122 1552 1220 1595 enun-

152 1640 266 1703 tiatum
290 1640 404 1722 ipsum,
451 1639 535 1702 Item
559 1636 816 1702 Weissenbornii
846 1639 1016 1723 sententia,
1046 1637 1220 1701 ablativum

151 1746 288 1811 localem
312 1745 471 1810 attributo
488 1752 618 1809 auctum
635 1744 721 1808 hand
738 1766 811 1809 raro
828 1744 914 1829 apud
933 1745 1060 1810 Livium
1084 1750 1219 1829 exstare,

151 1874 210 1936 per
234 1874 268 1917 se
292 1852 421 1935 quidem
445 1873 521 1916 vera
545 1857 603 1935 est,
631 1872 734 1934 neque
758 1872 831 1916 vero
856 1852 930 1916 huic
953 1853 1024 1917 loco
1049 1859 1140 1936 apta3
1165 1851 1220 1915 ubi

151 1958 309 2023 ablativus
341 1959 453 2025 localis
489 1959 516 2023 si
549 1964 794 2040 agnosceretur,
832 1959 859 2022 is
894 1959 1038 2041 profecto
1075 1957 1221 2023 obstaret

150 2066 279 2148 linguae
296 2066 434 2131 Latinae
450 2065 683 2146 consuetudini,
701 2072 737 2129 ut
752 2065 895 2130 ostendit
911 2065 1114 2131 Woefflinns
1128 2067 1154 2151 3)
1175 2105 1220 2111 -

150 2171 270 2237 Similis
285 2174 384 2258 loona,
400 2179 627 2255 praeterquam
644 2173 730 2255 quod
748 2173 909 2256 describit,
927 2195 1009 2257 quae
1025 2173 1220 2258 perficienda

152 2299 301 2345 censores
330 2272 514 2361 locaverint,
540 2287 588 2344 est
611 2284 663 2363 41,
692 2283 743 2351 27.
772 2285 892 2363 5sqq.,
922 2283 1047 2346 etiamsi
1071 2283 1217 2354 mutilum

81 2362 84 2381 Ι
152 2393 200 2450 est
223 2387 342 2451 codicis
375 2386 454 2451 illud
489 2387 611 2468 folium,
647 2408 709 2470 qno
739 2388 929 2457 continetur.
989 2387 1219 2472 Comparanda

151 2496 248 2558 etiam
272 2501 356 2575 sunt,
391 2497 624 2579 quae27,10‚
652 2501 669 2558 7
695 2496 860 2577 leguntur:
898 2496 1033 2579 ,Signini
1067 2495 1156 2560 fuere
1187 2504 1219 2559 et

150 2600 296 2666 Norbani
337 2600 580 2684 Saticulanique
625 2609 656 2666 et
694 2602 878 2685 Fregellani
925 2612 956 2668 et
995 2603 1146 2667 Lucerini
1187 2610 1220 2666 at

151 2707 309 2776 Venusini
334 2717 365 2773 et
389 2708 577 2773 Brundisini
601 2717 633 2773 et
656 2710 819 2774 Hadriani
851 2720 885 2775 et
914 2711 1058 2775 Firmani
1088 2717 1120 2775 et
1144 2710 1219 2773 Ari-

150 2816 318 2897 minenseS,
351 2822 383 2880 et
416 2817 455 2880 ab
489 2816 592 2880 altero
629 2819 708 2881 mari
744 2818 898 2882 Pontiani
933 2825 964 2882 et
996 2818 1152 2883 Paestani
1187 2825 1219 2881 et

151 2923 279 3006 Cosani,
323 2932 354 2989 et
390 2923 616 2989 mediterranei
651 2925 872 2991 Beneventani
911 2936 942 2992 et
977 2927 1148 2992 Aesernini
1187 2932 1219 2990 et

152 3029 308 3114 Spoletini
333 3039 364 3095 et
388 3030 568 3094 Placentini
599 3039 630 3095 et
659 3031 915 3114 Cremonenses‘3
950 3056 1040 3116 quae,
1073 3034 1219 3117 quamvis

152 3136 257 3202 desint
290 3137 322 3200 in
361 3137 522 3201 codicibus
556 3138 652 3202 verba
686 3145 729 3222 ,et
761 3139 919 3207 Venusini
949 3149 981 3204 et
1012 3140 1220 3225 Brundisini,‘

151 3255 259 3310 tamen
299 3247 376 3310 satis
420 3245 539 3310 multas
583 3248 759 3329 particulas
802 3247 968 3331 praebent.
1016 3288 1060 3294 ——
1107 3247 1219 3331 Atque

152 3354 299 3436 exempla
333 3374 352 3416 a
385 3354 475 3417 nobis
509 3354 676 3437 proposita
712 3355 766 3436 qui
790 3355 893 3420 obiter
928 3362 1052 3420 tanturn
1078 3353 1220 3419 animad-

151 3461 254 3541 vertit,
287 3481 358 3523 eum
394 3481 456 3524 non
481 3459 571 3541 fugit,
606 3462 728 3543 opinor,
763 3464 916 3544 pleraque
945 3470 1001 3526 aut
1025 3462 1066 3526 ad
1088 3462 1220 3526 nomina

151 3567 344 3649 populorum
377 3566 427 3630 vel
459 3573 618 3633 terrarum
650 3577 707 3632 ant
738 3569 780 3632 ad
811 3569 958 3652 prodigia
994 3576 1152 3654 spectare3
1186 3569 1219 3632 in

153 3673 267 3754 quibus
313 3673 512 3754 potissimum
558 3695 575 3738 e
618 3675 791 3739 Woelfflini
843 3678 1003 3740 sententia
1048 3676 1219 3739 Livianum

151 3778 384 3862 polysyndeton
403 3788 555 3847 versatur.
603 3782 779 3847 Praeterea
802 3784 980 3865 particulae
1005 3787 1057 3866 ,et‘
1082 3783 1220 3868 scriptor

154 3979 366 3986 ——-——.—.

227 4046 247 4115 ¹)
267 4046 329 4100 Liv.
349 4046 447 4100 Kritik
467 4066 493 4106 u,
513 4049 562 4102 liv.
583 4047 833 4117 Sprachgebrauch
853 4069 880 4122 p.
902 4051 942 4105 12.

225 4135 246 4201 2)
266 4138 296 4189 in
316 4137 410 4190 adnot.
431 4137 513 4191 adh.
534 4139 551 4191 l.

225 4226 247 4293 ³)
269 4228 285 4280 l.
307 4227 323 4279 l.
344 4245 370 4300 p.
395 4226 432 4290 13,
