2836 4846
600 432 818 492 ...41-

174 627 317 699 haerere,
373 625 524 708 Namque
560 625 745 708 frequenter
774 625 910 691 inveniri
942 647 1013 690 eam
1046 632 1242 690 structuram

175 733 415 798 collectivorum
425 732 707 815 substantivorum,
726 732 952 818 aDraeger01)
965 731 1088 799 discere
1100 739 1238 815 poterat,

176 840 230 923 qui
254 840 334 904 illud
359 841 463 924 ipsum
491 840 728 905 substantivum
751 841 931 925 ,exercitus‘
953 842 1038 906 inter
1054 840 1118 904 alia
1133 839 1241 923 habet,
1303 921 1305 926 Ι
1385 836 1388 847 ’

173 969 202 1018 v.
241 932 305 1029 ag.
345 953 396 1032 ar,
435 953 463 1020 1,
504 985 544 994 -
584 947 672 1017 Ann.
715 952 742 1031 1,
773 951 824 1029 aa,
866 953 905 1012 ro
944 967 1025 1030 ‚sese
1065 946 1241 1031 tutabatur,

174 1076 213 1119 ac
253 1061 286 1119 ni
325 1056 473 1139 aquilifer
514 1055 710 1140 Calpurnius
753 1056 815 1121 vim
856 1063 1032 1121 extremam
1074 1053 1241 1135 arcuisset,

174 1183 282 1227 rarum
330 1165 428 1229 etiam
474 1164 559 1228 inter
605 1164 725 1247 hostes,
771 1164 899 1244 legatus
942 1160 1054 1247 populi
1101 1159 1243 1225 Romani
1335 1148 1339 1168 ⁸

175 1267 331 1335 Romanis
368 1271 401 1333 in
443 1269 555 1335 castris
598 1271 751 1352 sanguine
784 1290 842 1335 suo
875 1270 992 1334 altaria
1029 1269 1124 1334 deum
1159 1291 1243 1333 oom-

174 1377 416 1449 maculavisset‘
466 1378 559 1442 Haeo
581 1377 792 1460 parenthesim
826 1398 908 1459 quae
932 1376 1088 1442 adiectivo
1112 1379 1241 1462 ,rarum‘

174 1481 219 1567 fit,
243 1483 329 1566 apud
345 1484 474 1548 Livium
498 1484 628 1548 omnino
645 1505 709 1548 non
732 1484 900 1566 reperitur,
926 1505 966 1547 ne
988 1483 1075 1569 apud
1093 1482 1244 1548 Tacitum

175 1589 306 1673 quidem
336 1591 397 1654 nisi
432 1589 613 1654 Annalium
646 1590 694 1654 bis
730 1591 803 1656 aliis
835 1591 930 1662 locis:
969 1597 997 1674 l,
1028 1596 1080 1673 56,
1108 1597 1124 1656 7
1157 1612 1243 1676 ,nam

175 1696 296 1783 (rarum
330 1697 377 1760 illi
413 1696 515 1784 caelo)
549 1697 693 1761 siccitate
717 1704 749 1761 et
777 1698 923 1762 amnibus
951 1697 1085 1762 modicis
1112 1695 1243 1761 1101101-
1343 1688 1346 1693 ’

175 1826 243 1868 sum
276 1804 338 1868 iter
372 1807 623 1889 properaverat‘.
677 1810 706 1887 6,
735 1811 784 1890 10,
813 1810 851 1871 11
888 1805 963 1889 ,Per
995 1805 1082 1870 idem
1113 1808 1243 1889 tempus

173 1909 213 1981 L,
237 1908 314 1973 Piso
338 1910 494 1994 pontifex,
519 1932 628 1976 rarum
651 1913 684 1976 11
708 1919 801 1977 tanta
825 1911 1025 1997 claritudine,
1050 1913 1117 1978 fato
1143 1911 1243 1981 obiit‘.

73 2020 79 2029 “
177 2022 226 2102 13,
248 2020 277 2102 2,
299 2021 318 2080 2
343 2019 385 2104 ,hi
408 2026 551 2084 rectores
575 2019 804 2104 imperatoriae
827 2020 974 2084 iuventae
999 2028 1043 2104 et,
1079 2041 1187 2084 rarum
1210 2018 1244 2081 in

174 2128 329 2192 societate
352 2129 525 2213 potentiae,
555 2128 751 2194 concordes‘.
814 2126 1068 2192 Usitatissimum
1101 2128 1133 2189 in
1162 2125 1243 2190 eius·

173 2233 262 2297 modi
285 2234 535 2316 parenthesibus
560 2235 750 2300 vocabulum
768 2241 816 2300 est
838 2235 1029 2319 ,incertum‘3
1055 2256 1081 2299 e.
1100 2255 1128 2316 g.
1153 2231 1241 2298 Ann.

176 2343 204 2423 1,
224 2345 273 2424 11,
291 2345 333 2405 20
358 2342 606 2427 ,addideratque
635 2343 802 2408 consilium
827 2341 996 2406 coercendi
1027 2342 1114 2406 intra
1136 2340 1243 2405 termi-

176 2468 235 2513 nos
258 2449 394 2533 imperii,
418 2453 574 2516 incertum
601 2458 689 2516 metu
713 2472 753 2514 an
777 2471 835 2533 per
858 2449 1032 2514 invidiam‘.
1082 2455 1111 2530 6,
1130 2452 1182 2528 50,
1203 2451 1241 2514 11

176 2576 260 2637 ,nam
284 2555 444 2640 Tiberius,
469 2560 628 2624 incertum
645 2581 685 2622 an
703 2559 842 2625 offensus
858 2565 1014 2641 tantoque
1036 2556 1139 2638 magis
1162 2555 1243 2619 iram

176 2682 334 2745 premens,
370 2666 541 2729 instaurari
575 2668 687 2751 epulas
710 2668 821 2740 iubet‘,
887 2673 935 2750 11,
963 2669 1014 2746 22,
1044 2663 1243 2745 4‚conscios

177 2790 242 2834 non
266 2770 375 2854 edidit,
403 2772 561 2837 incertum
592 2795 633 2837 an
664 2776 850 2844 occultans‘.
908 2778 959 2854 14,
986 2779 1016 2853 9,
1043 2777 1062 2835 8
1099 2791 1144 2850 ,se
1176 2770 1244 2852 ipse

177 2875 262 2942 ferro
287 2880 450 2963 transegit,
484 2881 641 2944 incertum
665 2883 798 2946 caritate
830 2883 863 2945 111
888 2889 1058 2966 patronam
1091 2900 1132 2943 an
1156 2885 1243 2941 metu

177 2983 290 3072 exitii‘3
312 2984 351 3054 of.
377 2988 476 3050 etiam
501 3009 598 3081 supra
620 2987 686 3071 Ag,
713 2995 741 3069 7,
770 2995 821 3062 15,
846 2989 933 3053 Hist.
959 2992 990 3068 4,
1013 2992 1042 3072 6,
1063 2991 1094 3058 4,
1120 3022 1162 3032 -
1196 2983 1243 3048 Si·

176 3091 266 3156 milia
290 3099 376 3163 sunt:
401 3094 489 3165 Hist,
514 3096 923 3181 4,84,14,1111111111(10
949 3095 1046 3175 dictu,
1071 3093 1167 3158 tertio
1192 3091 1243 3154 die

131 3250 133 3254 Α
177 3199 402 3284 adpelluntur‘.
467 3207 496 3286 5,
523 3211 552 3285 6,
581 3210 599 3267 9
635 3205 854 3289 ,praecipuum
888 3202 1042 3267 montium
1082 3199 1243 3263 Libanum

178 3308 280 3390 erigit,
306 3308 421 3372 mirum
445 3308 544 3391 dictu,
574 3317 681 3375 tantos
704 3311 790 3374 inter
814 3310 944 3375 ardores
970 3329 1107 3393 opacum
1130 3305 1243 3370 fidum·

178 3435 239 3497 que
263 3415 406 3484 nivibus‘.
468 3414 719 3499 Α111.2,17,8
750 3418 941 3501 ,mirumque
965 3415 1067 3496 dictu,
1101 3413 1163 3477 dno
1189 3411 1243 3476 bo·

178 3521 274 3587 stium
299 3524 426 3604 agmina
450 3524 609 3596 ruebant‘,
651 3530 679 3606 1,
699 3529 750 3606 35,
770 3528 810 3588 19
837 3545 921 3608 ,pars
939 3523 1097 3590 contionis
1121 3541 1168 3604 ac,
1192 3520 1243 3583 uix

178 3627 329 3693 credibile
353 3627 451 3711 dictu,
477 3630 608 3712 quidam
632 3631 749 3713 singuli
772 3633 906 3715 propius
929 3630 1134 3700 incedentes‘,

266 3735 359 3799 Haec
383 3743 466 3822 sunt,
491 3759 573 3820 quae
598 3737 638 3802 de
660 3738 847 3823 parenthesi
863 3736 999 3802 dicenda
1014 3736 1126 3815 habui,
1150 3733 1244 3798 relin-

152 3922 157 3933 Ι
180 3842 297 3928 quitur,
321 3844 352 3906 in
377 3866 473 3928 quam
496 3845 667 3928 inquiram,
918 3859 921 3865 '

581 4009 841 4110 Brachylopia.

268 4145 369 4211 Cuius
393 4149 466 4230 vim,
491 4155 527 4213 ut
549 4151 661 4233 paucis
677 4150 739 4216 hoc
762 4149 892 4231 addam,
918 4148 1148 4214 eKuehnastii
1172 4168 1243 4212 sen·

252 4396 273 4467 1)
294 4399 328 4452 de
348 4402 420 4472 synt.
440 4409 469 4453 et
488 4401 552 4454 stilo
572 4398 603 4452 Τ.
623 4417 651 4471 p.
673 4400 704 4452 13
715 4419 753 4469 sq.
774 4400 827 4471 (ed.
848 4399 908 4482 alt.)
