2836 4846
606 475 826 536 ...15-

182 669 313 753 respuit,
342 669 376 733 in
401 689 435 733 sc
457 668 578 752 recepit
602 665 770 734 dissimilia
794 676 826 734 et
848 669 933 734 inter
958 691 992 737 se
1016 669 1243 755 discrepantia.

182 776 313 841 Etenim
336 776 481 841 membra
505 776 732 841 sententiarum
756 777 828 862 pari
850 777 922 842 loco
947 784 980 843 et
1002 784 1164 862 potestate
1189 798 1245 862 po·

183 884 245 948 sita
273 882 404 947 Tacitus
428 881 534 948 forma
555 883 715 947 rarissime
739 885 887 966 aequalia
909 883 1061 967 reddidit,
1088 885 1247 967 quaesivit

182 989 454 1072 inaequalitatem,
483 988 529 1054 ita
552 995 588 1053 ut
612 989 676 1053 alia
699 989 771 1055 aliis
795 991 899 1056 verbis
930 991 1109 1056 declararet
1136 991 1246 1056 variis-

185 1097 298 1179 quein
319 1095 430 1161 eadem
452 1097 610 1161 sententia
632 1104 777 1161 uteretur
804 1097 854 1162 vel
876 1097 980 1162 verbis
1011 1098 1061 1162 vel
1089 1117 1248 1180 gramma-

185 1204 248 1268 tica
271 1210 440 1274 structura,
457 1203 480 1290 ¹)
531 1202 748 1268 Nihilominus
788 1205 896 1269 omnia
933 1205 990 1269 illa
1029 1205 1247 1288 discrepantia

185 1318 250 1375 tam
277 1317 346 1375 arte
374 1310 457 1374 inter
484 1310 651 1375 seiuncta
685 1318 760 1375 sunt
792 1318 824 1376 et
847 1320 1016 1396 tantopere
1050 1312 1245 1394 coaluerunt,

78 1446 80 1453 ·
183 1425 219 1483 nt
246 1439 343 1482 unum
380 1416 447 1481 fere
480 1437 596 1502 corpus
632 1425 664 1481 et
700 1425 803 1483 totum
837 1426 869 1484 et
897 1420 1034 1504 simplex
1066 1419 1246 1495 conficiant,

184 1523 278 1607 ,Quod
307 1524 450 1605 quamvis
484 1546 608 1588 summa
640 1532 709 1589 arte
746 1524 942 1610 perfundere
978 1525 1110 1592 Tacitus
1142 1529 1246 1593 inten-

183 1632 275 1714 derit,
300 1632 463 1696 tamenin
487 1633 633 1696 oratione
666 1633 732 1696 eius
761 1653 919 1716 nusquam
946 1635 1088 1698 contorti
1121 1634 1244 1716 aliquid

182 1746 238 1804 aut
273 1720 458 1820 exaggerati
496 1738 701 1822 perspiritum
745 1741 883 1822 namque
923 1740 1067 1807 abundat
1106 1743 1244 1827 scriptor

181 1852 288 1910 mente
317 1852 350 1909 et
373 1846 479 1910 animo
505 1852 536 1909 et
560 1844 720 1910 scribendi
743 1844 909 1929 facultate,
947 1869 1030 1930 quae
1065 1850 1244 1914 orationem

183 1946 333 2017 facillime
358 1953 386 2017 ei
411 1951 626 2037 suppeditent,

272 2059 337 2126 Sed
377 2080 473 2143 grave
512 2059 592 2124 illud
627 2060 691 2124 stili
727 2060 865 2125 Tacitini
900 2063 951 2127 vel
985 2064 1113 2150 σεμνόν,
1158 2064 1245 2127 cuius

182 2166 305 2232 Plinius
330 2189 378 2252 ep,
409 2167 456 2250 II,
483 2171 522 2233 11
548 2168 742 2232 mentionem
772 2168 857 2249 fecit,
900 2164 996 2235 etiam
1024 2170 1099 2235 inde
1130 2192 1273 2252 cogno·

98 2354 100 2359 Ι
183 2275 289 2357 scitur,
314 2277 400 2359 quod
417 2279 555 2361 scriptor
587 2276 772 2362 saepissime
795 2284 964 2360 poetarum
994 2277 1126 2342 ditcioni
1151 2299 1247 2360 quam

181 2385 328 2464 proxime
352 2387 597 2469 appropinquat,
645 2385 819 2450 Incitatum
840 2388 975 2450 enimet
998 2386 1156 2468 grandem
1179 2385 1245 2450 eius

181 2493 321 2558 animum
345 2496 417 2578 capi
453 2515 549 2576 quam
585 2496 721 2560 maxime
746 2496 919 2580 oportebat
948 2494 1155 2559 interioribus
1180 2493 1243 2558 illis

181 2624 218 2666 ac
240 2602 413 2667 reconditis
437 2609 608 2685 poetarum
631 2603 760 2669 vocibus
774 2629 780 2684 ;
795 2603 822 2688 2)
847 2611 880 2668 et
903 2624 942 2668 eo
959 2604 1071 2686 magis,
1097 2602 1184 2685 quod
1208 2603 1241 2666 in

124 2712 127 2717 ’
181 2711 319 2775 solutam
343 2719 420 2774 tunc
443 2710 597 2794 temporis
622 2712 800 2775 orationem
824 2711 929 2775 multa
955 2711 1153 2795 irrepserant
1177 2711 1245 2774 vul·

182 2820 272 2902 garia
296 2827 327 2883 et
350 2819 441 2898 levia,
468 2839 550 2901 quae
574 2824 741 2901 tamquam
764 2818 899 2900 indigna
922 2819 1049 2900 ingenio
1069 2840 1127 2883 suo
1151 2841 1244 2902 repu-

182 2926 280 2991 diavit
304 2925 446 2997 Tacitus,
493 2925 661 2990 Facillime
696 2934 806 2991 autem
843 2926 885 2991 ad
914 2935 1027 3011 poetas
1062 2927 1167 3011 potuit
1191 2947 1245 3007 ag-

182 3036 282 3117 gredi,
323 3034 398 3117 quia
432 3053 496 3097 non
531 3033 632 3097 multo
668 3041 743 3098 ante
778 3032 955 3098 floruerant
983 3033 1144 3115 Augustei
1174 3034 1243 3098 aevi

182 3149 306 3226 poetae,
344 3163 478 3224 quorum
503 3140 630 3206 dicendi
654 3148 757 3206 artem
782 3149 883 3206 totam
912 3140 979 3206 fere
1003 3162 1094 3205 suam
1124 3140 1245 3205 fecerat

183 3256 271 3314 aetas
300 3249 421 3336 Taciti3
454 3250 563 3332 itaque
587 3248 706 3313 facturn
732 3257 789 3330 est,
815 3256 852 3312 ut
875 3247 1016 3331 Tacitus
1047 3269 1243 3330 quamquam

181 3357 343 3440 permulta
366 3378 383 3421 e
406 3357 534 3440 poetico
559 3378 706 3421 sermone
729 3357 762 3419 in
786 3378 878 3420 suum
901 3378 994 3420 usum
1019 3355 1243 3436 transferebat,

183 3472 289 3528 tamen
325 3462 510 3545 offenderet,
534 3465 702 3527 neminem.
762 3462 877 3545 Neque
911 3484 997 3543 vero,
1034 3470 1070 3525 ut
1098 3462 1245 3525 ultimum

184 3571 315 3656 addam,
339 3569 611 3655 praetereundum
643 3568 696 3633 hie
731 3577 779 3633 est
802 3570 969 3653 proprium
1006 3569 1127 3652 aliquid
1152 3569 1246 3634 Taci-

184 3681 270 3743 tinae
295 3680 460 3757 orationis,
498 3676 585 3759 quod
609 3698 674 3741 non
709 3677 751 3742 ad
776 3684 896 3742 certam
921 3676 1084 3759 quandam
1119 3686 1245 3759 partem

183 3787 295 3852 referri
319 3788 432 3870 possit,
469 3785 526 3850 sed
562 3806 671 3850 omnes
707 3786 933 3868 penetraverit,
992 3785 1143 3850 Cernitur
1165 3783 1245 3848 illud

184 3916 232 3976 eo,
270 3894 356 3978 quod
392 3895 531 3978 scriptor
558 3893 591 3957 in
620 3892 794 3975 narrando,
832 3893 976 3975 quamvis
1012 3913 1144 3974 operam
1180 3890 1244 3968 det,

184 4042 396 4050 ——.-—.

255 4073 275 4144 1)
295 4075 407 4143 Deque
426 4074 583 4128 variatione
596 4070 742 4125 Tacitinae
762 4072 896 4126 orationis
911 4071 1025 4138 optime,
1045 4071 1137 4138 quoad
1150 4070 1246 4124 videre

184 4167 276 4235 potui,
318 4166 475 4234 disputavit
520 4161 703 4218 Woelfflinus
748 4179 773 4222 v,
815 4161 861 4228 cl,
905 4159 970 4215 vide
1005 4159 1108 4214 Philol.
1154 4160 1246 4229 XXV,

206 4257 314 4310 .121s
357 4299 361 4308 .

184 4275 202 4326 p
256 4344 278 4417 2)
309 4275 354 4401 cdq
372 4364 443 4415 quae
471 4347 507 4401 de
536 4327 578 4400 eis⁴
603 4344 814 4417 praedicantem
841 4342 909 4399 facit
936 4342 1099 4401 Maternum
1126 4341 1156 4396 in
1174 4339 1249 4397 Dial.
1308 4396 1321 4421 t

185 4454 208 4496 c.
229 4436 271 4495 12.
