2836 4846
532 465 816 524 2,„17-

166 660 330 725 librorum
355 658 477 725 ambitu
500 657 655 741 laugnida
671 657 717 740 fit,
743 657 868 722 etiamsi
888 662 1087 739 temperatur
1109 663 1143 720 et
1166 656 1239 721 sub·

173 768 273 832 mittit
260 776 312 831 tur
337 768 369 831 in
401 766 820 851 rebusleuioribus,alt't1us
851 766 944 848 erigit
942 787 984 829 ur
1006 784 1164 847 cursuque
1188 785 1239 829 su·

174 874 263 939 blimi
285 873 349 939 fert
336 881 388 938 tur
404 875 436 937 in
454 874 659 955 gravioribus
697 872 731 937 It
718 878 816 954 taque
831 871 924 938 Lirio
941 880 1016 937 cont
1017 871 1123 955 igitu
1102 879 1239 936 utasse·

176 987 329 1062 queretur
360 980 530 1044 verborum
561 986 615 1044 rat
615 981 721 1045 ionem
745 986 778 1043 et
810 1001 910 1061 genus
944 979 1098 1044 orationis
1132 978 1238 1043 fusum

174 1094 272 1169 atque
289 1093 429 1151 tractum
446 1093 478 1150 et
494 1107 566 1151 cum
581 1086 714 1150 lenitate
732 1087 871 1169 quadam
888 1087 1050 1169 aequabili
1063 1085 1237 1170 profluens,

177 1194 263 1277 quod
286 1195 317 1257 in
335 1193 469 1258 historia
492 1193 750 1278 persequendum
768 1215 837 1258 esse
854 1193 966 1258 Cicero
992 1193 1095 1258 docet.
1108 1194 1131 1281 1)
1164 1193 1239 1258 Hoc

176 1299 302 1366 dicendi
318 1322 418 1382 genus
435 1321 507 1364 cum
523 1300 677 1385 probaret
701 1307 732 1365 et
753 1309 934 1382 usurparet,
959 1303 1117 1365 neminem
1133 1301 1238 1365 Hero·

175 1408 252 1489 doti,
276 1408 309 1471 in
326 1428 389 1489 quo
407 1408 514 1471 omnia
528 1407 642 1471 leniter
658 1405 803 1489 fluerent,
822 1407 1005 1472 similiorem
1026 1407 1124 1472 fuisse
1141 1429 1238 1490 quarn

172 1513 301 1579 Livium
326 1514 416 1578 testis
442 1521 490 1578 est
506 1512 732 1596 Quintilianus.
744 1515 769 1601 2)
818 1514 877 1579 Oui
893 1516 1010 1579 rationi
1028 1515 1148 1600 optime
1165 1536 1239 1580 con-

91 1696 94 1700 ·
173 1623 268 1703 uenit,
294 1621 380 1704 quod
405 1620 524 1705 Livius,
550 1643 744 1704 quamquam
767 1623 979 1687 variationem
1008 1623 1238 1704 liberioresque

175 1729 345 1793 verborum
370 1736 402 1792 et
418 1729 648 1794 sententiarum
672 1729 836 1794 iuncturas
860 1729 1021 1793 interdum
1044 1751 1109 1794 non
1132 1750 1238 1813 asper-

173 1842 278 1916 natur,
303 1843 409 1899 tamen
440 1836 629 1919 plerumque
662 1838 908 1902 concinnitatem
940 1846 971 1902 et
996 1838 1237 1922 compositionis

174 1949 363 2006 ornamenta
378 1943 538 2007 veteribus
555 1943 693 2026 probata
709 1951 836 2008 secutus
853 1944 981 2009 videtur
998 1967 1082 2031 esse;
1098 1943 1132 2007 id
1149 1943 1237 2026 quod

173 2047 257 2112 iufra
280 2049 432 2133 exemplis
458 2050 650 2133 quibusdam
672 2050 847 2133 figurarum
873 2053 1025 2116 orationis
1058 2053 1237 2136 propositis

175 2155 427 2221 confirmabitur.
464 2158 580 2240 Neque
596 2156 689 2221 facile
707 2159 877 2241 quisquam
893 2159 1085 2242 reprehendi
1109 2161 1237 2242 poterit,

174 2263 202 2326 si
225 2263 381 2328 iudicabit
396 2263 536 2328 medium
560 2264 627 2331 fere
642 2265 841 2330 intercedere
856 2265 982 2330 Livium
999 2269 1083 2331 inter
1107 2289 1239 2332 auream

178 2379 209 2436 et
234 2379 420 2454 argenteam
453 2372 580 2454 linguae
603 2371 740 2438 Latiane
765 2381 905 2438 aetatem
938 2381 979 2454 ct,
1018 2374 1100 2438 sicut
1138 2374 1238 2439 dictio

178 2480 244 2542 eius
270 2501 366 2562 quam
390 2480 535 2562 proxime
559 2480 692 2544 accedat
716 2480 757 2544 ad
787 2503 834 2562 ea,
865 2501 948 2563 quae
972 2479 1085 2547 Cicero
1115 2482 1237 2566 praeci-

175 2587 288 2673 piam),
314 2588 361 2650 ita
385 2587 519 2651 eandem
542 2587 645 2657 haud,
662 2609 837 2670 paucorum
861 2589 1049 2673 posterioris
1082 2591 1237 2674 temporis

173 2701 433 2778 praeceptorum·
455 2695 646 2779 participem
678 2717 756 2764 esse.
822 2695 905 2761 Orta
937 2703 1043 2759 autem
1078 2705 1126 2761 est
1158 2696 1238 2761 haec

174 2802 373 2867 consuetudo
398 2805 465 2866 sine
496 2802 593 2868 dubio
619 2825 657 2866 ex
688 2804 802 2867 intima
824 2802 906 2866 Livii
933 2811 1049 2883 mente,
1085 2806 1138 2885 qui
1162 2810 1239 2866 tunc

173 2911 327 2992 temporis
361 2911 503 2993 nequitia
532 2909 675 2975 nondum
710 2910 858 2974 adflictus
890 2931 994 2993 neque
1028 2911 1061 2974 in
1095 2911 1237 2976 diversos

176 3038 287 3080 sensus
314 3016 496 3098 distractus
522 3039 593 3082 cum
610 3017 727 3100 gaudio
753 3024 852 3099 atque
869 3016 1082 3081 admiratione
1105 3039 1236 3100 magnas

175 3145 195 3188 a
218 3124 391 3188 maioribus
415 3146 465 3188 res
482 3132 587 3206 gestas
604 3127 755 3207 respexit,
781 3124 896 3207 quibus
922 3146 955 3188 se
971 3126 1077 3208 ipsum
1101 3132 1133 3190 et
1157 3126 1236 3190 alios

173 3239 344 3302 recrearet,

262 3340 387 3418 Restat,
412 3347 449 3402 ut
464 3338 618 3403 nonnulla
634 3345 824 3424 promantur
842 3339 881 3403 dc
903 3339 1064 3404 rhetorico
1082 3338 1236 3402 Livianae

173 3448 328 3511 orationis
354 3445 470 3510 colore.
510 3444 714 3529 Quamquam
731 3446 932 3510 infitiandum
960 3452 1089 3511 nonest
1113 3446 1239 3510 dicendi

173 3576 273 3637 genus
298 3574 418 3635 magna
441 3574 479 3617 ex
509 3562 601 3637 parte
632 3554 750 3636 poetici
783 3555 884 3618 simile
907 3553 1033 3618 Livium
1068 3553 1238 3632 effinxisse,

80 3749 82 3751 ‚
173 3663 292 3745 quippe
317 3660 520 3743 quipoetico
545 3683 639 3725 sensu
663 3661 811 3727 adfectus
835 3662 953 3727 multas
987 3683 1038 3726 res
1069 3668 1235 3743 tractaret,

174 3791 259 3851 quae
283 3768 333 3832 vel
355 3768 456 3852 ipsius
484 3769 590 3852 poesis
624 3776 730 3833 essent
756 3769 801 3833 vel
826 3771 931 3853 poesis
968 3768 1096 3850 similes,
1130 3775 1239 3832 tamen

173 3875 337 3940 rhetorum
368 3895 490 3938 morem
523 3876 624 3940 multo
658 3876 760 3940 minus
795 3884 842 3942 est
874 3883 1049 3940 aversatus.
1108 3874 1239 3939 Etenim

172 3984 317 4047 iuvenem
341 4004 412 4046 eum
428 3967 517 4046 haud
534 3983 738 4048 mediocriter
754 3985 787 4047 in
803 3983 967 4048 rhetorica
983 3991 1145 4048 versatum
1170 4005 1239 4049 esse

263 4250 339 4320 ¹)de
358 4254 428 4304 orat.
408 4250 472 4318 ta
492 4250 591 4317 15,64

261 4337 518 4409 2)inst.0r.X,1,
541 4342 598 4393 101.

261 4427 339 4499 ³)de
359 4433 428 4482 orat.
511 4433 625 4485 5orat.
644 4430 688 4490 20.
